time,price,volume,match_type,id,trading_date,symbol,price_change,accumulated_volume,accumulated_value
2026-02-13 09:15:03,50.1,4600,ato,2026-02-13_091503_501000_4600,13/02/2026,DGW,-500.0,4600,230460000.0
2026-02-13 09:15:08,50.1,600,sell,2026-02-13_091508_501000_600,13/02/2026,DGW,-500.0,5200,260520000.0
2026-02-13 09:16:02,50.2,500,sell,2026-02-13_091602_502000_500,13/02/2026,DGW,-400.0,5700,285620000.0
2026-02-13 09:16:25,50.2,500,sell,2026-02-13_091625_502000_500,13/02/2026,DGW,-400.0,6200,310720000.0
2026-02-13 09:16:29,50.5,2000,buy,2026-02-13_091629_505000_2000,13/02/2026,DGW,-100.0,8200,411720000.0
2026-02-13 09:16:47,50.6,200,buy,2026-02-13_091647_506000_200,13/02/2026,DGW,0.0,8400,421840000.0
2026-02-13 09:16:47,50.5,100,sell,2026-02-13_091647_505000_100,13/02/2026,DGW,-100.0,8500,426890000.0
2026-02-13 09:17:02,50.5,300,sell,2026-02-13_091702_505000_300,13/02/2026,DGW,-100.0,8800,442040000.0
2026-02-13 09:18:06,50.5,600,buy,2026-02-13_091806_505000_600,13/02/2026,DGW,-100.0,9400,472340000.0
2026-02-13 09:18:08,50.5,100,sell,2026-02-13_091808_505000_100,13/02/2026,DGW,-100.0,9500,477390000.0
2026-02-13 09:18:21,50.6,300,buy,2026-02-13_091821_506000_300,13/02/2026,DGW,0.0,9800,492570000.0
2026-02-13 09:18:25,50.5,600,sell,2026-02-13_091825_505000_600,13/02/2026,DGW,-100.0,10400,522870000.0
2026-02-13 09:18:40,50.5,500,sell,2026-02-13_091840_505000_500,13/02/2026,DGW,-100.0,10900,548120000.0
2026-02-13 09:18:50,50.5,500,sell,2026-02-13_091850_505000_500,13/02/2026,DGW,-100.0,11400,573370000.0
2026-02-13 09:18:52,50.5,200,sell,2026-02-13_091852_505000_200,13/02/2026,DGW,-100.0,11600,583470000.0
2026-02-13 09:19:18,50.5,400,sell,2026-02-13_091918_505000_400,13/02/2026,DGW,-100.0,12000,603670000.0
2026-02-13 09:19:39,50.5,600,sell,2026-02-13_091939_505000_600,13/02/2026,DGW,-100.0,12600,633970000.0
2026-02-13 09:19:51,50.5,300,buy,2026-02-13_091951_505000_300,13/02/2026,DGW,-100.0,12900,649120000.0
2026-02-13 09:19:52,50.5,300,sell,2026-02-13_091952_505000_300,13/02/2026,DGW,-100.0,13200,664270000.0
2026-02-13 09:20:20,50.5,100,buy,2026-02-13_092020_505000_100,13/02/2026,DGW,-100.0,13300,669320000.0
2026-02-13 09:20:58,50.5,100,buy,2026-02-13_092058_505000_100,13/02/2026,DGW,-100.0,13400,674370000.0
2026-02-13 09:20:58,50.6,6700,buy,2026-02-13_092058_506000_6700,13/02/2026,DGW,0.0,20100,1013390000.0
2026-02-13 09:21:08,50.6,500,sell,2026-02-13_092108_506000_500,13/02/2026,DGW,0.0,20600,1038690000.0
2026-02-13 09:21:39,50.6,200,sell,2026-02-13_092139_506000_200,13/02/2026,DGW,0.0,20800,1048810000.0
2026-02-13 09:21:46,50.6,600,sell,2026-02-13_092146_506000_600,13/02/2026,DGW,0.0,21400,1079170000.0
2026-02-13 09:22:10,50.6,1500,sell,2026-02-13_092210_506000_1500,13/02/2026,DGW,0.0,22900,1155070000.0
2026-02-13 09:22:24,50.6,1000,sell,2026-02-13_092224_506000_1000,13/02/2026,DGW,0.0,23900,1205670000.0
2026-02-13 09:22:27,50.7,1700,buy,2026-02-13_092227_507000_1700,13/02/2026,DGW,100.0,25600,1291860000.0
2026-02-13 09:22:31,50.6,900,sell,2026-02-13_092231_506000_900,13/02/2026,DGW,0.0,26500,1337400000.0
2026-02-13 09:23:06,50.5,300,sell,2026-02-13_092306_505000_300,13/02/2026,DGW,-100.0,26800,1352550000.0
2026-02-13 09:23:36,50.5,200,sell,2026-02-13_092336_505000_200,13/02/2026,DGW,-100.0,27000,1362650000.0
2026-02-13 09:23:53,50.5,1000,sell,2026-02-13_092353_505000_1000,13/02/2026,DGW,-100.0,28000,1413150000.0
2026-02-13 09:25:08,50.5,600,sell,2026-02-13_092508_505000_600,13/02/2026,DGW,-100.0,28600,1443450000.0
2026-02-13 09:26:38,50.5,4200,sell,2026-02-13_092638_505000_4200,13/02/2026,DGW,-100.0,33900,1711100000.0
2026-02-13 09:26:38,50.5,1100,sell,2026-02-13_092638_505000_1100,13/02/2026,DGW,-100.0,29700,1499000000.0
2026-02-13 09:26:46,50.4,300,sell,2026-02-13_092646_504000_300,13/02/2026,DGW,-200.0,34200,1726220000.0
2026-02-13 09:27:29,50.3,900,sell,2026-02-13_092729_503000_900,13/02/2026,DGW,-300.0,35100,1771490000.0
2026-02-13 09:28:24,50.2,500,sell,2026-02-13_092824_502000_500,13/02/2026,DGW,-400.0,35600,1796590000.0
2026-02-13 09:28:30,50.1,600,sell,2026-02-13_092830_501000_600,13/02/2026,DGW,-500.0,36200,1826650000.0
2026-02-13 09:28:32,50.2,100,sell,2026-02-13_092832_502000_100,13/02/2026,DGW,-400.0,36300,1831670000.0
2026-02-13 09:29:21,50.2,1000,buy,2026-02-13_092921_502000_1000,13/02/2026,DGW,-400.0,37300,1881870000.0
2026-02-13 09:29:45,50.3,2000,buy,2026-02-13_092945_503000_2000,13/02/2026,DGW,-300.0,40300,2032670000.0
2026-02-13 09:29:45,50.2,1000,buy,2026-02-13_092945_502000_1000,13/02/2026,DGW,-400.0,38300,1932070000.0
2026-02-13 09:30:49,50.3,5000,buy,2026-02-13_093049_503000_5000,13/02/2026,DGW,-300.0,45300,2284170000.0
2026-02-13 09:31:51,50.2,100,sell,2026-02-13_093151_502000_100,13/02/2026,DGW,-400.0,45400,2289190000.0
2026-02-13 09:31:51,50.1,500,sell,2026-02-13_093151_501000_500,13/02/2026,DGW,-500.0,45900,2314240000.0
2026-02-13 09:33:08,50.3,100,buy,2026-02-13_093308_503000_100,13/02/2026,DGW,-300.0,46000,2319270000.0
2026-02-13 09:33:12,50.2,1000,sell,2026-02-13_093312_502000_1000,13/02/2026,DGW,-400.0,47000,2369470000.0
2026-02-13 09:33:37,50.3,100,buy,2026-02-13_093337_503000_100,13/02/2026,DGW,-300.0,47100,2374500000.0
2026-02-13 09:33:54,50.3,400,buy,2026-02-13_093354_503000_400,13/02/2026,DGW,-300.0,47500,2394620000.0
2026-02-13 09:35:13,50.2,600,sell,2026-02-13_093513_502000_600,13/02/2026,DGW,-400.0,48100,2424740000.0
2026-02-13 09:35:21,50.2,1000,sell,2026-02-13_093521_502000_1000,13/02/2026,DGW,-400.0,49100,2474940000.0
2026-02-13 09:35:26,50.2,500,sell,2026-02-13_093526_502000_500,13/02/2026,DGW,-400.0,49600,2500040000.0
2026-02-13 09:35:34,50.2,100,sell,2026-02-13_093534_502000_100,13/02/2026,DGW,-400.0,49700,2505060000.0
2026-02-13 09:35:35,50.2,1700,sell,2026-02-13_093535_502000_1700,13/02/2026,DGW,-400.0,51400,2590400000.0
2026-02-13 09:36:11,50.2,100,buy,2026-02-13_093611_502000_100,13/02/2026,DGW,-400.0,51500,2595420000.0
2026-02-13 09:36:47,50.1,15000,sell,2026-02-13_093647_501000_15000,13/02/2026,DGW,-500.0,66500,3346920000.0
2026-02-13 09:37:06,50.0,2600,sell,2026-02-13_093706_500000_2600,13/02/2026,DGW,-600.0,69100,3476920000.0
2026-02-13 09:37:07,50.0,700,sell,2026-02-13_093707_500000_700,13/02/2026,DGW,-600.0,69800,3511920000.0
2026-02-13 09:37:07,50.0,1000,sell,2026-02-13_093707_500000_1000,13/02/2026,DGW,-600.0,70800,3561920000.0
2026-02-13 09:37:14,50.0,15000,sell,2026-02-13_093714_500000_15000,13/02/2026,DGW,-600.0,85800,4311920000.0
2026-02-13 09:37:15,50.0,100,sell,2026-02-13_093715_500000_100,13/02/2026,DGW,-600.0,85900,4316920000.0
2026-02-13 09:37:57,50.0,500,sell,2026-02-13_093757_500000_500,13/02/2026,DGW,-600.0,86400,4341920000.0
2026-02-13 09:38:03,49.9,4600,sell,2026-02-13_093803_499000_4600,13/02/2026,DGW,-700.0,91000,4571460000.0
2026-02-13 09:38:33,49.85,500,sell,2026-02-13_093833_498500_500,13/02/2026,DGW,-750.0,91500,4596385000.0
2026-02-13 09:38:35,49.85,600,sell,2026-02-13_093835_498500_600,13/02/2026,DGW,-750.0,92100,4626295000.0
2026-02-13 09:38:35,49.9,500,sell,2026-02-13_093835_499000_500,13/02/2026,DGW,-700.0,92600,4651245000.0
2026-02-13 09:38:43,49.85,100,sell,2026-02-13_093843_498500_100,13/02/2026,DGW,-750.0,92700,4656230000.0
2026-02-13 09:38:55,49.85,100,sell,2026-02-13_093855_498500_100,13/02/2026,DGW,-750.0,92800,4661215000.0
2026-02-13 09:38:59,49.85,100,buy,2026-02-13_093859_498500_100,13/02/2026,DGW,-750.0,92900,4666200000.0
2026-02-13 09:39:19,49.85,100,sell,2026-02-13_093919_498500_100,13/02/2026,DGW,-750.0,93000,4671185000.0
2026-02-13 09:39:25,49.85,200,buy,2026-02-13_093925_498500_200,13/02/2026,DGW,-750.0,93200,4681155000.0
2026-02-13 09:39:25,49.8,9200,sell,2026-02-13_093925_498000_9200,13/02/2026,DGW,-800.0,102400,5139315000.0
2026-02-13 09:40:12,49.8,5000,buy,2026-02-13_094012_498000_5000,13/02/2026,DGW,-800.0,107400,5388315000.0
2026-02-13 09:40:22,49.8,500,buy,2026-02-13_094022_498000_500,13/02/2026,DGW,-800.0,107900,5413215000.0
2026-02-13 09:40:32,49.8,300,buy,2026-02-13_094032_498000_300,13/02/2026,DGW,-800.0,108200,5428155000.0
2026-02-13 09:40:39,49.8,100,buy,2026-02-13_094039_498000_100,13/02/2026,DGW,-800.0,108300,5433135000.0
2026-02-13 09:40:52,49.8,500,buy,2026-02-13_094052_498000_500,13/02/2026,DGW,-800.0,108800,5458035000.0
2026-02-13 09:41:01,49.8,2000,buy,2026-02-13_094101_498000_2000,13/02/2026,DGW,-800.0,110800,5557635000.0
2026-02-13 09:41:12,49.8,2000,buy,2026-02-13_094112_498000_2000,13/02/2026,DGW,-800.0,112800,5657235000.0
2026-02-13 09:41:14,49.8,500,buy,2026-02-13_094114_498000_500,13/02/2026,DGW,-800.0,113300,5682135000.0
2026-02-13 09:41:21,49.7,1200,sell,2026-02-13_094121_497000_1200,13/02/2026,DGW,-900.0,114800,5756700000.0
2026-02-13 09:41:21,49.75,300,sell,2026-02-13_094121_497500_300,13/02/2026,DGW,-850.0,113600,5697060000.0
2026-02-13 09:41:21,49.8,100,buy,2026-02-13_094121_498000_100,13/02/2026,DGW,-800.0,114900,5761680000.0
2026-02-13 09:41:32,49.75,100,buy,2026-02-13_094132_497500_100,13/02/2026,DGW,-850.0,115000,5766655000.0
2026-02-13 09:41:52,49.7,1500,sell,2026-02-13_094152_497000_1500,13/02/2026,DGW,-900.0,116500,5841205000.0
2026-02-13 09:41:56,49.7,600,sell,2026-02-13_094156_497000_600,13/02/2026,DGW,-900.0,117100,5871025000.0
2026-02-13 09:41:56,49.75,200,buy,2026-02-13_094156_497500_200,13/02/2026,DGW,-850.0,117300,5880975000.0
2026-02-13 09:41:59,49.7,10000,sell,2026-02-13_094159_497000_10000,13/02/2026,DGW,-900.0,127300,6377975000.0
2026-02-13 09:42:01,49.7,200,sell,2026-02-13_094201_497000_200,13/02/2026,DGW,-900.0,127500,6387915000.0
2026-02-13 09:42:05,49.7,200,buy,2026-02-13_094205_497000_200,13/02/2026,DGW,-900.0,127700,6397855000.0
2026-02-13 09:42:09,49.7,100,buy,2026-02-13_094209_497000_100,13/02/2026,DGW,-900.0,127800,6402825000.0
2026-02-13 09:42:10,49.6,500,sell,2026-02-13_094210_496000_500,13/02/2026,DGW,-1000.0,129300,6477225000.0
2026-02-13 09:42:10,49.6,1000,sell,2026-02-13_094210_496000_1000,13/02/2026,DGW,-1000.0,128800,6452425000.0
2026-02-13 09:42:12,49.7,300,buy,2026-02-13_094212_497000_300,13/02/2026,DGW,-900.0,129600,6492135000.0
2026-02-13 09:42:20,49.65,100,sell,2026-02-13_094220_496500_100,13/02/2026,DGW,-950.0,129700,6497100000.0
2026-02-13 09:42:29,49.7,200,buy,2026-02-13_094229_497000_200,13/02/2026,DGW,-900.0,129900,6507040000.0
2026-02-13 09:42:43,49.8,200,buy,2026-02-13_094243_498000_200,13/02/2026,DGW,-800.0,130100,6517000000.0
2026-02-13 09:42:48,49.8,2000,buy,2026-02-13_094248_498000_2000,13/02/2026,DGW,-800.0,132100,6616600000.0
2026-02-13 09:42:54,49.75,200,sell,2026-02-13_094254_497500_200,13/02/2026,DGW,-850.0,132300,6626550000.0
2026-02-13 09:42:54,49.7,800,sell,2026-02-13_094254_497000_800,13/02/2026,DGW,-900.0,133100,6666310000.0
2026-02-13 09:42:55,49.75,100,buy,2026-02-13_094255_497500_100,13/02/2026,DGW,-850.0,134200,6720985000.0
2026-02-13 09:42:55,49.7,500,buy,2026-02-13_094255_497000_500,13/02/2026,DGW,-900.0,134100,6716010000.0
2026-02-13 09:42:58,49.8,100,buy,2026-02-13_094258_498000_100,13/02/2026,DGW,-800.0,134300,6725965000.0
2026-02-13 09:43:13,49.8,500,buy,2026-02-13_094313_498000_500,13/02/2026,DGW,-800.0,134800,6750865000.0
2026-02-13 09:43:14,49.75,100,sell,2026-02-13_094314_497500_100,13/02/2026,DGW,-850.0,134900,6755840000.0
2026-02-13 09:43:57,49.8,1000,buy,2026-02-13_094357_498000_1000,13/02/2026,DGW,-800.0,135900,6805640000.0
2026-02-13 09:44:05,49.8,1000,buy,2026-02-13_094405_498000_1000,13/02/2026,DGW,-800.0,136900,6855440000.0
2026-02-13 09:44:07,49.8,900,buy,2026-02-13_094407_498000_900,13/02/2026,DGW,-800.0,137800,6900260000.0
2026-02-13 09:44:08,49.8,300,sell,2026-02-13_094408_498000_300,13/02/2026,DGW,-800.0,138100,6915200000.0
2026-02-13 09:44:26,49.8,700,sell,2026-02-13_094426_498000_700,13/02/2026,DGW,-800.0,138800,6950060000.0
2026-02-13 09:44:32,49.8,100,buy,2026-02-13_094432_498000_100,13/02/2026,DGW,-800.0,138900,6955040000.0
2026-02-13 09:44:37,49.8,200,buy,2026-02-13_094437_498000_200,13/02/2026,DGW,-800.0,139100,6965000000.0
2026-02-13 09:44:59,49.85,1200,buy,2026-02-13_094459_498500_1200,13/02/2026,DGW,-750.0,140300,7024820000.0
2026-02-13 09:45:00,49.8,400,sell,2026-02-13_094500_498000_400,13/02/2026,DGW,-800.0,140700,7044740000.0
2026-02-13 09:45:10,49.8,100,buy,2026-02-13_094510_498000_100,13/02/2026,DGW,-800.0,140800,7049720000.0
2026-02-13 09:45:13,49.8,100,buy,2026-02-13_094513_498000_100,13/02/2026,DGW,-800.0,140900,7054700000.0
2026-02-13 09:45:18,49.75,600,sell,2026-02-13_094518_497500_600,13/02/2026,DGW,-850.0,141500,7084550000.0
2026-02-13 09:45:31,49.75,200,sell,2026-02-13_094531_497500_200,13/02/2026,DGW,-850.0,141700,7094500000.0
2026-02-13 09:45:35,49.8,300,buy,2026-02-13_094535_498000_300,13/02/2026,DGW,-800.0,142000,7109440000.0
2026-02-13 09:45:40,49.8,100,buy,2026-02-13_094540_498000_100,13/02/2026,DGW,-800.0,142100,7114420000.0
2026-02-13 09:46:12,49.8,500,buy,2026-02-13_094612_498000_500,13/02/2026,DGW,-800.0,142600,7139320000.0
2026-02-13 09:46:18,49.8,600,buy,2026-02-13_094618_498000_600,13/02/2026,DGW,-800.0,143200,7169200000.0
2026-02-13 09:46:20,49.8,4800,buy,2026-02-13_094620_498000_4800,13/02/2026,DGW,-800.0,148000,7408240000.0
2026-02-13 09:46:32,49.8,1000,sell,2026-02-13_094632_498000_1000,13/02/2026,DGW,-800.0,149100,7463030000.0
2026-02-13 09:46:32,49.9,100,buy,2026-02-13_094632_499000_100,13/02/2026,DGW,-700.0,148100,7413230000.0
2026-02-13 09:46:50,50.0,7400,buy,2026-02-13_094650_500000_7400,13/02/2026,DGW,-600.0,156500,7833030000.0
2026-02-13 09:47:48,50.0,300,sell,2026-02-13_094748_500000_300,13/02/2026,DGW,-600.0,156800,7848030000.0
2026-02-13 09:48:34,50.0,200,sell,2026-02-13_094834_500000_200,13/02/2026,DGW,-600.0,157000,7858030000.0
2026-02-13 09:48:39,50.1,600,sell,2026-02-13_094839_501000_600,13/02/2026,DGW,-500.0,157600,7888090000.0
2026-02-13 09:48:45,50.3,1100,buy,2026-02-13_094845_503000_1100,13/02/2026,DGW,-300.0,158700,7943420000.0
2026-02-13 09:49:22,50.4,1000,buy,2026-02-13_094922_504000_1000,13/02/2026,DGW,-200.0,159700,7993820000.0
2026-02-13 09:49:41,50.4,100,buy,2026-02-13_094941_504000_100,13/02/2026,DGW,-200.0,159800,7998860000.0
2026-02-13 09:49:53,50.3,2000,sell,2026-02-13_094953_503000_2000,13/02/2026,DGW,-300.0,161800,8099460000.0
2026-02-13 09:50:08,50.4,1900,buy,2026-02-13_095008_504000_1900,13/02/2026,DGW,-200.0,163700,8195220000.0
2026-02-13 09:50:26,50.4,200,sell,2026-02-13_095026_504000_200,13/02/2026,DGW,-200.0,163900,8205300000.0
2026-02-13 09:50:35,50.5,1000,buy,2026-02-13_095035_505000_1000,13/02/2026,DGW,-100.0,164900,8255800000.0
2026-02-13 09:50:35,50.5,9800,buy,2026-02-13_095035_505000_9800,13/02/2026,DGW,-100.0,174700,8750700000.0
2026-02-13 09:50:35,50.5,200,sell,2026-02-13_095035_505000_200,13/02/2026,DGW,-100.0,174900,8760800000.0
2026-02-13 09:50:37,50.6,13200,buy,2026-02-13_095037_506000_13200,13/02/2026,DGW,0.0,188100,9428720000.0
2026-02-13 09:50:50,50.5,200,sell,2026-02-13_095050_505000_200,13/02/2026,DGW,-100.0,188300,9438820000.0
2026-02-13 09:50:57,50.5,1000,sell,2026-02-13_095057_505000_1000,13/02/2026,DGW,-100.0,189300,9489320000.0
2026-02-13 09:51:07,50.4,200,sell,2026-02-13_095107_504000_200,13/02/2026,DGW,-200.0,189500,9499400000.0
2026-02-13 09:51:16,50.4,500,sell,2026-02-13_095116_504000_500,13/02/2026,DGW,-200.0,190000,9524600000.0
2026-02-13 09:51:39,50.4,500,sell,2026-02-13_095139_504000_500,13/02/2026,DGW,-200.0,190500,9549800000.0
2026-02-13 09:52:01,50.4,600,sell,2026-02-13_095201_504000_600,13/02/2026,DGW,-200.0,191100,9580040000.0
2026-02-13 09:52:04,50.5,100,buy,2026-02-13_095204_505000_100,13/02/2026,DGW,-100.0,191200,9585090000.0
2026-02-13 09:52:09,50.5,1100,buy,2026-02-13_095209_505000_1100,13/02/2026,DGW,-100.0,192300,9640640000.0
2026-02-13 09:52:31,50.5,1100,buy,2026-02-13_095231_505000_1100,13/02/2026,DGW,-100.0,193400,9696190000.0
2026-02-13 09:54:08,50.6,200,buy,2026-02-13_095408_506000_200,13/02/2026,DGW,0.0,193600,9706310000.0
2026-02-13 09:54:33,50.6,500,buy,2026-02-13_095433_506000_500,13/02/2026,DGW,0.0,194100,9731610000.0
2026-02-13 09:54:50,50.6,1600,sell,2026-02-13_095450_506000_1600,13/02/2026,DGW,0.0,195700,9812570000.0
2026-02-13 09:54:59,50.6,100,sell,2026-02-13_095459_506000_100,13/02/2026,DGW,0.0,195800,9817630000.0
2026-02-13 09:55:03,50.6,500,sell,2026-02-13_095503_506000_500,13/02/2026,DGW,0.0,196300,9842930000.0
2026-02-13 09:55:17,50.6,100,sell,2026-02-13_095517_506000_100,13/02/2026,DGW,0.0,196400,9847990000.0
2026-02-13 09:55:22,50.6,600,sell,2026-02-13_095522_506000_600,13/02/2026,DGW,0.0,197000,9878350000.0
2026-02-13 09:55:27,50.6,1200,sell,2026-02-13_095527_506000_1200,13/02/2026,DGW,0.0,198200,9939070000.0
2026-02-13 09:55:31,50.6,1000,buy,2026-02-13_095531_506000_1000,13/02/2026,DGW,0.0,199200,9989670000.0
2026-02-13 09:55:42,50.6,200,buy,2026-02-13_095542_506000_200,13/02/2026,DGW,0.0,199400,9999790000.0
2026-02-13 09:55:54,50.6,1000,buy,2026-02-13_095554_506000_1000,13/02/2026,DGW,0.0,200400,10050390000.0
2026-02-13 09:56:17,50.6,500,buy,2026-02-13_095617_506000_500,13/02/2026,DGW,0.0,200900,10075690000.0
2026-02-13 09:56:19,50.6,500,buy,2026-02-13_095619_506000_500,13/02/2026,DGW,0.0,201400,10100990000.0
2026-02-13 09:56:39,50.6,100,buy,2026-02-13_095639_506000_100,13/02/2026,DGW,0.0,201500,10106050000.0
2026-02-13 09:56:52,50.6,1100,buy,2026-02-13_095652_506000_1100,13/02/2026,DGW,0.0,202600,10161710000.0
2026-02-13 09:57:29,50.5,1000,sell,2026-02-13_095729_505000_1000,13/02/2026,DGW,-100.0,203600,10212210000.0
2026-02-13 09:57:39,50.6,500,buy,2026-02-13_095739_506000_500,13/02/2026,DGW,0.0,204100,10237510000.0
2026-02-13 09:57:43,50.5,100,sell,2026-02-13_095743_505000_100,13/02/2026,DGW,-100.0,204200,10242560000.0
2026-02-13 09:57:52,50.5,100,sell,2026-02-13_095752_505000_100,13/02/2026,DGW,-100.0,204300,10247610000.0
2026-02-13 09:57:54,50.5,500,sell,2026-02-13_095754_505000_500,13/02/2026,DGW,-100.0,204800,10272860000.0
2026-02-13 09:57:55,50.5,1600,sell,2026-02-13_095755_505000_1600,13/02/2026,DGW,-100.0,206400,10353660000.0
2026-02-13 09:58:00,50.5,3000,sell,2026-02-13_095800_505000_3000,13/02/2026,DGW,-100.0,209400,10505160000.0
2026-02-13 09:58:00,50.5,200,sell,2026-02-13_095800_505000_200,13/02/2026,DGW,-100.0,209600,10515260000.0
2026-02-13 09:58:00,50.4,8400,sell,2026-02-13_095800_504000_8400,13/02/2026,DGW,-200.0,218000,10938620000.0
2026-02-13 09:58:00,50.3,500,sell,2026-02-13_095800_503000_500,13/02/2026,DGW,-300.0,218500,10963770000.0
2026-02-13 09:58:31,50.3,400,sell,2026-02-13_095831_503000_400,13/02/2026,DGW,-300.0,218900,10983890000.0
2026-02-13 09:58:44,50.2,600,sell,2026-02-13_095844_502000_600,13/02/2026,DGW,-400.0,219500,11014010000.0
2026-02-13 09:59:08,50.2,1500,sell,2026-02-13_095908_502000_1500,13/02/2026,DGW,-400.0,221000,11089310000.0
2026-02-13 09:59:27,50.3,1100,buy,2026-02-13_095927_503000_1100,13/02/2026,DGW,-300.0,222100,11144640000.0
2026-02-13 09:59:45,50.3,1100,sell,2026-02-13_095945_503000_1100,13/02/2026,DGW,-300.0,223200,11199970000.0
2026-02-13 10:00:01,50.3,500,buy,2026-02-13_100001_503000_500,13/02/2026,DGW,-300.0,223700,11225120000.0
2026-02-13 10:00:19,50.6,100,buy,2026-02-13_100019_506000_100,13/02/2026,DGW,0.0,223800,11230180000.0
2026-02-13 10:00:32,50.2,500,sell,2026-02-13_100032_502000_500,13/02/2026,DGW,-400.0,224300,11255280000.0
2026-02-13 10:00:58,50.2,1600,sell,2026-02-13_100058_502000_1600,13/02/2026,DGW,-400.0,225900,11335600000.0
2026-02-13 10:00:59,50.2,2000,sell,2026-02-13_100059_502000_2000,13/02/2026,DGW,-400.0,227900,11436000000.0
2026-02-13 10:01:34,50.2,1600,sell,2026-02-13_100134_502000_1600,13/02/2026,DGW,-400.0,229500,11516320000.0
2026-02-13 10:02:05,50.2,600,sell,2026-02-13_100205_502000_600,13/02/2026,DGW,-400.0,230100,11546440000.0
2026-02-13 10:02:11,50.2,1600,sell,2026-02-13_100211_502000_1600,13/02/2026,DGW,-400.0,231700,11626760000.0
2026-02-13 10:02:48,50.2,1600,sell,2026-02-13_100248_502000_1600,13/02/2026,DGW,-400.0,233300,11707080000.0
2026-02-13 10:02:52,50.2,1700,sell,2026-02-13_100252_502000_1700,13/02/2026,DGW,-400.0,235000,11792420000.0
2026-02-13 10:02:59,50.1,500,sell,2026-02-13_100259_501000_500,13/02/2026,DGW,-500.0,235500,11817470000.0
2026-02-13 10:03:10,50.2,300,buy,2026-02-13_100310_502000_300,13/02/2026,DGW,-400.0,235800,11832530000.0
2026-02-13 10:03:26,50.2,1300,buy,2026-02-13_100326_502000_1300,13/02/2026,DGW,-400.0,237100,11897790000.0
2026-02-13 10:03:31,50.2,600,buy,2026-02-13_100331_502000_600,13/02/2026,DGW,-400.0,237700,11927910000.0
2026-02-13 10:03:31,50.2,400,sell,2026-02-13_100331_502000_400,13/02/2026,DGW,-400.0,238100,11947990000.0
2026-02-13 10:03:32,50.2,500,sell,2026-02-13_100332_502000_500,13/02/2026,DGW,-400.0,238600,11973090000.0
2026-02-13 10:03:34,50.2,100,buy,2026-02-13_100334_502000_100,13/02/2026,DGW,-400.0,238700,11978110000.0
2026-02-13 10:03:42,50.2,400,buy,2026-02-13_100342_502000_400,13/02/2026,DGW,-400.0,239100,11998190000.0
2026-02-13 10:03:52,50.2,1300,sell,2026-02-13_100352_502000_1300,13/02/2026,DGW,-400.0,240400,12063450000.0
2026-02-13 10:04:11,50.2,2200,buy,2026-02-13_100411_502000_2200,13/02/2026,DGW,-400.0,242600,12173890000.0
2026-02-13 10:04:24,50.2,1100,buy,2026-02-13_100424_502000_1100,13/02/2026,DGW,-400.0,243700,12229110000.0
2026-02-13 10:04:33,50.2,2200,buy,2026-02-13_100433_502000_2200,13/02/2026,DGW,-400.0,245900,12339550000.0
2026-02-13 10:04:44,50.2,800,buy,2026-02-13_100444_502000_800,13/02/2026,DGW,-400.0,246700,12379710000.0
2026-02-13 10:05:21,50.2,1100,buy,2026-02-13_100521_502000_1100,13/02/2026,DGW,-400.0,247800,12434930000.0
2026-02-13 10:05:25,50.1,100,sell,2026-02-13_100525_501000_100,13/02/2026,DGW,-500.0,247900,12439940000.0
2026-02-13 10:05:27,50.1,600,sell,2026-02-13_100527_501000_600,13/02/2026,DGW,-500.0,248500,12470000000.0
2026-02-13 10:05:28,50.1,500,sell,2026-02-13_100528_501000_500,13/02/2026,DGW,-500.0,249000,12495050000.0
2026-02-13 10:05:50,50.1,2000,sell,2026-02-13_100550_501000_2000,13/02/2026,DGW,-500.0,251000,12595250000.0
2026-02-13 10:06:06,50.1,300,sell,2026-02-13_100606_501000_300,13/02/2026,DGW,-500.0,251300,12610280000.0
2026-02-13 10:07:57,50.1,500,sell,2026-02-13_100757_501000_500,13/02/2026,DGW,-500.0,251800,12635330000.0
2026-02-13 10:08:49,50.1,600,sell,2026-02-13_100849_501000_600,13/02/2026,DGW,-500.0,252400,12665390000.0
2026-02-13 10:09:19,50.1,2000,sell,2026-02-13_100919_501000_2000,13/02/2026,DGW,-500.0,254400,12765590000.0
2026-02-13 10:09:57,50.1,100,sell,2026-02-13_100957_501000_100,13/02/2026,DGW,-500.0,254500,12770600000.0
2026-02-13 10:10:16,50.1,200,sell,2026-02-13_101016_501000_200,13/02/2026,DGW,-500.0,254700,12780620000.0
2026-02-13 10:10:20,50.1,6500,sell,2026-02-13_101020_501000_6500,13/02/2026,DGW,-500.0,261200,13106270000.0
2026-02-13 10:10:26,50.0,500,sell,2026-02-13_101026_500000_500,13/02/2026,DGW,-600.0,261700,13131270000.0
2026-02-13 10:11:56,50.1,100,sell,2026-02-13_101156_501000_100,13/02/2026,DGW,-500.0,261800,13136280000.0
2026-02-13 10:12:05,50.0,1700,sell,2026-02-13_101205_500000_1700,13/02/2026,DGW,-600.0,263500,13221280000.0
2026-02-13 10:12:06,50.0,300,sell,2026-02-13_101206_500000_300,13/02/2026,DGW,-600.0,263800,13236280000.0
2026-02-13 10:12:10,50.0,600,sell,2026-02-13_101210_500000_600,13/02/2026,DGW,-600.0,264400,13266280000.0
2026-02-13 10:12:55,50.0,500,sell,2026-02-13_101255_500000_500,13/02/2026,DGW,-600.0,264900,13291280000.0
2026-02-13 10:13:08,50.1,100,buy,2026-02-13_101308_501000_100,13/02/2026,DGW,-500.0,265000,13296290000.0
2026-02-13 10:13:50,50.1,1000,buy,2026-02-13_101350_501000_1000,13/02/2026,DGW,-500.0,266000,13346390000.0
2026-02-13 10:14:17,50.0,2000,sell,2026-02-13_101417_500000_2000,13/02/2026,DGW,-600.0,268000,13446390000.0
2026-02-13 10:14:22,50.1,3500,buy,2026-02-13_101422_501000_3500,13/02/2026,DGW,-500.0,271500,13621740000.0
2026-02-13 10:14:28,50.1,100,buy,2026-02-13_101428_501000_100,13/02/2026,DGW,-500.0,271600,13626750000.0
2026-02-13 10:14:35,50.1,3000,buy,2026-02-13_101435_501000_3000,13/02/2026,DGW,-500.0,274600,13777050000.0
2026-02-13 10:14:46,50.1,900,buy,2026-02-13_101446_501000_900,13/02/2026,DGW,-500.0,275500,13822140000.0
2026-02-13 10:15:24,50.0,500,sell,2026-02-13_101524_500000_500,13/02/2026,DGW,-600.0,276000,13847140000.0
2026-02-13 10:15:32,50.0,600,sell,2026-02-13_101532_500000_600,13/02/2026,DGW,-600.0,276600,13877140000.0
2026-02-13 10:15:53,50.1,200,buy,2026-02-13_101553_501000_200,13/02/2026,DGW,-500.0,276800,13887160000.0
2026-02-13 10:16:12,50.1,200,buy,2026-02-13_101612_501000_200,13/02/2026,DGW,-500.0,277000,13897180000.0
2026-02-13 10:16:29,50.0,2000,sell,2026-02-13_101629_500000_2000,13/02/2026,DGW,-600.0,279000,13997180000.0
2026-02-13 10:17:22,50.0,1000,sell,2026-02-13_101722_500000_1000,13/02/2026,DGW,-600.0,280000,14047180000.0
2026-02-13 10:17:53,50.0,500,sell,2026-02-13_101753_500000_500,13/02/2026,DGW,-600.0,280500,14072180000.0
2026-02-13 10:17:55,50.1,100,buy,2026-02-13_101755_501000_100,13/02/2026,DGW,-500.0,280600,14077190000.0
2026-02-13 10:18:07,50.1,300,buy,2026-02-13_101807_501000_300,13/02/2026,DGW,-500.0,280900,14092220000.0
2026-02-13 10:18:11,50.0,100,sell,2026-02-13_101811_500000_100,13/02/2026,DGW,-600.0,281000,14097220000.0
2026-02-13 10:18:41,50.0,2400,sell,2026-02-13_101841_500000_2400,13/02/2026,DGW,-600.0,283400,14217220000.0
2026-02-13 10:18:53,50.0,600,sell,2026-02-13_101853_500000_600,13/02/2026,DGW,-600.0,284000,14247220000.0
2026-02-13 10:19:23,50.1,500,sell,2026-02-13_101923_501000_500,13/02/2026,DGW,-500.0,284500,14272270000.0
2026-02-13 10:19:23,50.0,500,sell,2026-02-13_101923_500000_500,13/02/2026,DGW,-600.0,285000,14297270000.0
2026-02-13 10:20:11,50.1,400,sell,2026-02-13_102011_501000_400,13/02/2026,DGW,-500.0,285400,14317310000.0
2026-02-13 10:20:15,50.1,200,sell,2026-02-13_102015_501000_200,13/02/2026,DGW,-500.0,285600,14327330000.0
2026-02-13 10:20:24,50.1,500,sell,2026-02-13_102024_501000_500,13/02/2026,DGW,-500.0,286100,14352380000.0
2026-02-13 10:20:53,50.1,2000,sell,2026-02-13_102053_501000_2000,13/02/2026,DGW,-500.0,288100,14452580000.0
2026-02-13 10:22:15,50.1,600,sell,2026-02-13_102215_501000_600,13/02/2026,DGW,-500.0,288700,14482640000.0
2026-02-13 10:22:52,50.1,500,sell,2026-02-13_102252_501000_500,13/02/2026,DGW,-500.0,289200,14507690000.0
2026-02-13 10:23:04,50.1,2000,sell,2026-02-13_102304_501000_2000,13/02/2026,DGW,-500.0,291200,14607890000.0
2026-02-13 10:23:09,50.1,2200,sell,2026-02-13_102309_501000_2200,13/02/2026,DGW,-500.0,293400,14718110000.0
2026-02-13 10:25:12,50.2,400,buy,2026-02-13_102512_502000_400,13/02/2026,DGW,-400.0,293800,14738190000.0
2026-02-13 10:25:16,50.2,100,sell,2026-02-13_102516_502000_100,13/02/2026,DGW,-400.0,293900,14743210000.0
2026-02-13 10:25:16,50.1,1900,sell,2026-02-13_102516_501000_1900,13/02/2026,DGW,-500.0,295800,14838400000.0
2026-02-13 10:25:20,50.1,500,sell,2026-02-13_102520_501000_500,13/02/2026,DGW,-500.0,296300,14863450000.0
2026-02-13 10:25:37,50.1,600,sell,2026-02-13_102537_501000_600,13/02/2026,DGW,-500.0,296900,14893510000.0
2026-02-13 10:26:33,50.5,4600,buy,2026-02-13_102633_505000_4600,13/02/2026,DGW,-100.0,301500,15125810000.0
2026-02-13 10:27:01,50.5,900,buy,2026-02-13_102701_505000_900,13/02/2026,DGW,-100.0,302400,15171260000.0
2026-02-13 10:27:03,50.1,600,sell,2026-02-13_102703_501000_600,13/02/2026,DGW,-500.0,303000,15201320000.0
2026-02-13 10:27:21,50.1,500,sell,2026-02-13_102721_501000_500,13/02/2026,DGW,-500.0,303500,15226370000.0
2026-02-13 10:27:28,50.1,2000,sell,2026-02-13_102728_501000_2000,13/02/2026,DGW,-500.0,305500,15326570000.0
2026-02-13 10:27:49,50.1,500,sell,2026-02-13_102749_501000_500,13/02/2026,DGW,-500.0,306000,15351620000.0
2026-02-13 10:28:21,50.2,4600,sell,2026-02-13_102821_502000_4600,13/02/2026,DGW,-400.0,310600,15582540000.0
2026-02-13 10:28:58,50.2,600,sell,2026-02-13_102858_502000_600,13/02/2026,DGW,-400.0,311200,15612660000.0
2026-02-13 10:29:40,50.2,2000,sell,2026-02-13_102940_502000_2000,13/02/2026,DGW,-400.0,313200,15713060000.0
2026-02-13 10:29:55,50.2,500,sell,2026-02-13_102955_502000_500,13/02/2026,DGW,-400.0,313700,15738160000.0
2026-02-13 10:30:02,50.2,900,sell,2026-02-13_103002_502000_900,13/02/2026,DGW,-400.0,314600,15783340000.0
2026-02-13 10:30:18,50.2,500,sell,2026-02-13_103018_502000_500,13/02/2026,DGW,-400.0,315100,15808440000.0
2026-02-13 10:30:36,50.3,500,sell,2026-02-13_103036_503000_500,13/02/2026,DGW,-300.0,315600,15833590000.0
2026-02-13 10:30:48,50.3,600,sell,2026-02-13_103048_503000_600,13/02/2026,DGW,-300.0,316200,15863770000.0
2026-02-13 10:30:54,50.3,600,sell,2026-02-13_103054_503000_600,13/02/2026,DGW,-300.0,316800,15893950000.0
2026-02-13 10:31:18,50.3,400,sell,2026-02-13_103118_503000_400,13/02/2026,DGW,-300.0,317200,15914070000.0
2026-02-13 10:31:33,50.3,100,sell,2026-02-13_103133_503000_100,13/02/2026,DGW,-300.0,317300,15919100000.0
2026-02-13 10:31:52,50.3,2000,sell,2026-02-13_103152_503000_2000,13/02/2026,DGW,-300.0,319300,16019700000.0
2026-02-13 10:32:03,50.4,500,buy,2026-02-13_103203_504000_500,13/02/2026,DGW,-200.0,319800,16044900000.0
2026-02-13 10:32:20,50.3,600,sell,2026-02-13_103220_503000_600,13/02/2026,DGW,-300.0,320400,16075080000.0
2026-02-13 10:32:21,50.3,900,sell,2026-02-13_103221_503000_900,13/02/2026,DGW,-300.0,321300,16120350000.0
2026-02-13 10:32:27,50.3,100,sell,2026-02-13_103227_503000_100,13/02/2026,DGW,-300.0,321400,16125380000.0
2026-02-13 10:32:42,50.3,700,sell,2026-02-13_103242_503000_700,13/02/2026,DGW,-300.0,322100,16160590000.0
2026-02-13 10:32:46,50.2,200,sell,2026-02-13_103246_502000_200,13/02/2026,DGW,-400.0,322600,16185720000.0
2026-02-13 10:32:46,50.3,300,sell,2026-02-13_103246_503000_300,13/02/2026,DGW,-300.0,322400,16175680000.0
2026-02-13 10:32:48,50.2,1800,sell,2026-02-13_103248_502000_1800,13/02/2026,DGW,-400.0,324400,16276080000.0
2026-02-13 10:32:57,50.2,4000,sell,2026-02-13_103257_502000_4000,13/02/2026,DGW,-400.0,328400,16476880000.0
2026-02-13 10:33:00,50.3,100,sell,2026-02-13_103300_503000_100,13/02/2026,DGW,-300.0,328500,16481910000.0
2026-02-13 10:33:15,50.3,200,sell,2026-02-13_103315_503000_200,13/02/2026,DGW,-300.0,328700,16491970000.0
2026-02-13 10:33:29,50.2,1000,sell,2026-02-13_103329_502000_1000,13/02/2026,DGW,-400.0,329700,16542170000.0
2026-02-13 10:33:38,50.2,600,sell,2026-02-13_103338_502000_600,13/02/2026,DGW,-400.0,330300,16572290000.0
2026-02-13 10:33:44,50.2,300,sell,2026-02-13_103344_502000_300,13/02/2026,DGW,-400.0,330600,16587350000.0
2026-02-13 10:34:03,50.1,2000,sell,2026-02-13_103403_501000_2000,13/02/2026,DGW,-500.0,332600,16687550000.0
2026-02-13 10:35:16,50.1,500,sell,2026-02-13_103516_501000_500,13/02/2026,DGW,-500.0,333100,16712600000.0
2026-02-13 10:35:32,50.1,7600,sell,2026-02-13_103532_501000_7600,13/02/2026,DGW,-500.0,340700,17093360000.0
2026-02-13 10:35:41,50.0,600,sell,2026-02-13_103541_500000_600,13/02/2026,DGW,-600.0,341300,17123360000.0
2026-02-13 10:35:49,50.1,400,sell,2026-02-13_103549_501000_400,13/02/2026,DGW,-500.0,341700,17143400000.0
2026-02-13 10:35:52,50.1,100,buy,2026-02-13_103552_501000_100,13/02/2026,DGW,-500.0,341800,17148410000.0
2026-02-13 10:35:53,50.1,1000,buy,2026-02-13_103553_501000_1000,13/02/2026,DGW,-500.0,342800,17198510000.0
2026-02-13 10:36:15,50.0,2000,sell,2026-02-13_103615_500000_2000,13/02/2026,DGW,-600.0,344800,17298510000.0
2026-02-13 10:36:41,50.0,100,sell,2026-02-13_103641_500000_100,13/02/2026,DGW,-600.0,344900,17303510000.0
2026-02-13 10:36:49,50.0,200,sell,2026-02-13_103649_500000_200,13/02/2026,DGW,-600.0,345100,17313510000.0
2026-02-13 10:37:30,50.1,100,buy,2026-02-13_103730_501000_100,13/02/2026,DGW,-500.0,345200,17318520000.0
2026-02-13 10:37:34,50.0,100,sell,2026-02-13_103734_500000_100,13/02/2026,DGW,-600.0,345300,17323520000.0
2026-02-13 10:37:45,50.0,500,sell,2026-02-13_103745_500000_500,13/02/2026,DGW,-600.0,345800,17348520000.0
2026-02-13 10:38:07,50.1,100,buy,2026-02-13_103807_501000_100,13/02/2026,DGW,-500.0,345900,17353530000.0
2026-02-13 10:38:20,50.1,1000,buy,2026-02-13_103820_501000_1000,13/02/2026,DGW,-500.0,346900,17403630000.0
2026-02-13 10:38:25,50.1,100,buy,2026-02-13_103825_501000_100,13/02/2026,DGW,-500.0,347000,17408640000.0
2026-02-13 10:38:27,50.0,2000,sell,2026-02-13_103827_500000_2000,13/02/2026,DGW,-600.0,349000,17508640000.0
2026-02-13 10:38:40,50.1,100,buy,2026-02-13_103840_501000_100,13/02/2026,DGW,-500.0,349100,17513650000.0
2026-02-13 10:38:45,50.0,100,sell,2026-02-13_103845_500000_100,13/02/2026,DGW,-600.0,349200,17518650000.0
2026-02-13 10:39:03,50.0,600,sell,2026-02-13_103903_500000_600,13/02/2026,DGW,-600.0,349800,17548650000.0
2026-02-13 10:39:47,50.0,2000,sell,2026-02-13_103947_500000_2000,13/02/2026,DGW,-600.0,351800,17648650000.0
2026-02-13 10:39:50,50.0,100,sell,2026-02-13_103950_500000_100,13/02/2026,DGW,-600.0,351900,17653650000.0
2026-02-13 10:39:53,50.1,100,buy,2026-02-13_103953_501000_100,13/02/2026,DGW,-500.0,352000,17658660000.0
2026-02-13 10:40:13,50.1,500,sell,2026-02-13_104013_501000_500,13/02/2026,DGW,-500.0,352500,17683710000.0
2026-02-13 10:40:38,50.0,800,sell,2026-02-13_104038_500000_800,13/02/2026,DGW,-600.0,354500,17783830000.0
2026-02-13 10:40:38,50.1,1200,sell,2026-02-13_104038_501000_1200,13/02/2026,DGW,-500.0,353700,17743830000.0
2026-02-13 10:42:22,50.1,500,sell,2026-02-13_104222_501000_500,13/02/2026,DGW,-500.0,355000,17808880000.0
2026-02-13 10:42:25,50.1,600,sell,2026-02-13_104225_501000_600,13/02/2026,DGW,-500.0,355600,17838940000.0
2026-02-13 10:42:42,50.0,400,sell,2026-02-13_104242_500000_400,13/02/2026,DGW,-600.0,356100,17863950000.0
2026-02-13 10:42:42,50.1,100,sell,2026-02-13_104242_501000_100,13/02/2026,DGW,-500.0,355700,17843950000.0
2026-02-13 10:42:50,50.1,200,sell,2026-02-13_104250_501000_200,13/02/2026,DGW,-500.0,356300,17873970000.0
2026-02-13 10:42:50,50.0,1800,sell,2026-02-13_104250_500000_1800,13/02/2026,DGW,-600.0,358100,17963970000.0
2026-02-13 10:44:43,50.1,100,buy,2026-02-13_104443_501000_100,13/02/2026,DGW,-500.0,358200,17968980000.0
2026-02-13 10:44:55,50.1,300,buy,2026-02-13_104455_501000_300,13/02/2026,DGW,-500.0,358500,17984010000.0
2026-02-13 10:45:02,50.1,700,sell,2026-02-13_104502_501000_700,13/02/2026,DGW,-500.0,359200,18019080000.0
2026-02-13 10:45:02,50.0,1300,sell,2026-02-13_104502_500000_1300,13/02/2026,DGW,-600.0,360500,18084080000.0
2026-02-13 10:45:11,50.0,500,sell,2026-02-13_104511_500000_500,13/02/2026,DGW,-600.0,361000,18109080000.0
2026-02-13 10:45:19,50.0,100,sell,2026-02-13_104519_500000_100,13/02/2026,DGW,-600.0,361100,18114080000.0
2026-02-13 10:45:46,50.1,100,sell,2026-02-13_104546_501000_100,13/02/2026,DGW,-500.0,361200,18119090000.0
2026-02-13 10:45:46,50.0,500,sell,2026-02-13_104546_500000_500,13/02/2026,DGW,-600.0,361700,18144090000.0
2026-02-13 10:46:09,50.2,900,buy,2026-02-13_104609_502000_900,13/02/2026,DGW,-400.0,362600,18189270000.0
2026-02-13 10:46:49,50.2,900,buy,2026-02-13_104649_502000_900,13/02/2026,DGW,-400.0,363500,18234450000.0
2026-02-13 10:46:52,50.2,100,buy,2026-02-13_104652_502000_100,13/02/2026,DGW,-400.0,363600,18239470000.0
2026-02-13 10:47:14,50.0,2000,sell,2026-02-13_104714_500000_2000,13/02/2026,DGW,-600.0,365600,18339470000.0
2026-02-13 10:47:41,50.0,500,sell,2026-02-13_104741_500000_500,13/02/2026,DGW,-600.0,366100,18364470000.0
2026-02-13 10:48:23,50.1,500,buy,2026-02-13_104823_501000_500,13/02/2026,DGW,-500.0,366700,18394530000.0
2026-02-13 10:48:23,50.1,100,buy,2026-02-13_104823_501000_100,13/02/2026,DGW,-500.0,366200,18369480000.0
2026-02-13 10:48:34,50.0,500,sell,2026-02-13_104834_500000_500,13/02/2026,DGW,-600.0,367200,18419530000.0
2026-02-13 10:49:00,50.0,1500,sell,2026-02-13_104900_500000_1500,13/02/2026,DGW,-600.0,368700,18494530000.0
2026-02-13 10:49:08,50.0,600,sell,2026-02-13_104908_500000_600,13/02/2026,DGW,-600.0,369300,18524530000.0
2026-02-13 10:49:25,50.0,2000,sell,2026-02-13_104925_500000_2000,13/02/2026,DGW,-600.0,371300,18624530000.0
2026-02-13 10:49:58,50.0,100,sell,2026-02-13_104958_500000_100,13/02/2026,DGW,-600.0,371400,18629530000.0
2026-02-13 10:50:09,50.0,500,sell,2026-02-13_105009_500000_500,13/02/2026,DGW,-600.0,371900,18654530000.0
2026-02-13 10:50:18,50.0,1000,sell,2026-02-13_105018_500000_1000,13/02/2026,DGW,-600.0,372900,18704530000.0
2026-02-13 10:50:51,50.0,1000,sell,2026-02-13_105051_500000_1000,13/02/2026,DGW,-600.0,373900,18754530000.0
2026-02-13 10:51:19,50.0,2000,sell,2026-02-13_105119_500000_2000,13/02/2026,DGW,-600.0,375900,18854530000.0
2026-02-13 10:51:37,50.0,2000,sell,2026-02-13_105137_500000_2000,13/02/2026,DGW,-600.0,377900,18954530000.0
2026-02-13 10:52:29,50.0,600,sell,2026-02-13_105229_500000_600,13/02/2026,DGW,-600.0,378500,18984530000.0
2026-02-13 10:52:32,50.1,100,buy,2026-02-13_105232_501000_100,13/02/2026,DGW,-500.0,378600,18989540000.0
2026-02-13 10:52:39,50.0,500,sell,2026-02-13_105239_500000_500,13/02/2026,DGW,-600.0,379100,19014540000.0
2026-02-13 10:52:56,50.1,100,buy,2026-02-13_105256_501000_100,13/02/2026,DGW,-500.0,379200,19019550000.0
2026-02-13 10:53:08,50.2,1300,buy,2026-02-13_105308_502000_1300,13/02/2026,DGW,-400.0,380700,19094830000.0
2026-02-13 10:53:08,50.1,200,buy,2026-02-13_105308_501000_200,13/02/2026,DGW,-500.0,379400,19029570000.0
2026-02-13 10:53:25,50.2,1000,buy,2026-02-13_105325_502000_1000,13/02/2026,DGW,-400.0,381700,19145030000.0
2026-02-13 10:53:49,50.0,2000,sell,2026-02-13_105349_500000_2000,13/02/2026,DGW,-600.0,383700,19245030000.0
2026-02-13 10:54:42,50.1,400,sell,2026-02-13_105442_501000_400,13/02/2026,DGW,-500.0,384100,19265070000.0
2026-02-13 10:55:04,50.1,100,buy,2026-02-13_105504_501000_100,13/02/2026,DGW,-500.0,384200,19270080000.0
2026-02-13 10:55:07,50.0,500,sell,2026-02-13_105507_500000_500,13/02/2026,DGW,-600.0,384700,19295080000.0
2026-02-13 10:55:51,50.0,600,sell,2026-02-13_105551_500000_600,13/02/2026,DGW,-600.0,385300,19325080000.0
2026-02-13 10:56:01,50.0,2000,sell,2026-02-13_105601_500000_2000,13/02/2026,DGW,-600.0,387300,19425080000.0
2026-02-13 10:56:17,50.0,2000,sell,2026-02-13_105617_500000_2000,13/02/2026,DGW,-600.0,389300,19525080000.0
2026-02-13 10:56:39,50.0,500,sell,2026-02-13_105639_500000_500,13/02/2026,DGW,-600.0,389800,19550080000.0
2026-02-13 10:57:30,50.1,100,buy,2026-02-13_105730_501000_100,13/02/2026,DGW,-500.0,389900,19555090000.0
2026-02-13 10:57:35,50.1,200,buy,2026-02-13_105735_501000_200,13/02/2026,DGW,-500.0,390100,19565110000.0
2026-02-13 10:57:36,50.0,500,sell,2026-02-13_105736_500000_500,13/02/2026,DGW,-600.0,390600,19590110000.0
2026-02-13 10:57:40,50.1,100,buy,2026-02-13_105740_501000_100,13/02/2026,DGW,-500.0,390700,19595120000.0
2026-02-13 10:58:08,50.1,1000,buy,2026-02-13_105808_501000_1000,13/02/2026,DGW,-500.0,391700,19645220000.0
2026-02-13 10:58:12,50.0,2000,sell,2026-02-13_105812_500000_2000,13/02/2026,DGW,-600.0,393700,19745220000.0
2026-02-13 10:58:15,50.1,100,buy,2026-02-13_105815_501000_100,13/02/2026,DGW,-500.0,393800,19750230000.0
2026-02-13 10:58:40,50.1,200,buy,2026-02-13_105840_501000_200,13/02/2026,DGW,-500.0,394000,19760250000.0
2026-02-13 10:58:43,50.1,200,buy,2026-02-13_105843_501000_200,13/02/2026,DGW,-500.0,394200,19770270000.0
2026-02-13 10:59:01,50.1,200,buy,2026-02-13_105901_501000_200,13/02/2026,DGW,-500.0,394400,19780290000.0
2026-02-13 10:59:03,50.1,200,buy,2026-02-13_105903_501000_200,13/02/2026,DGW,-500.0,394600,19790310000.0
2026-02-13 10:59:12,50.1,600,sell,2026-02-13_105912_501000_600,13/02/2026,DGW,-500.0,395200,19820370000.0
2026-02-13 11:00:05,50.1,500,sell,2026-02-13_110005_501000_500,13/02/2026,DGW,-500.0,395700,19845420000.0
2026-02-13 11:00:15,50.1,100,sell,2026-02-13_110015_501000_100,13/02/2026,DGW,-500.0,395800,19850430000.0
2026-02-13 11:00:24,50.1,2000,sell,2026-02-13_110024_501000_2000,13/02/2026,DGW,-500.0,397800,19950630000.0
2026-02-13 11:01:05,50.2,3000,buy,2026-02-13_110105_502000_3000,13/02/2026,DGW,-400.0,400800,20101230000.0
2026-02-13 11:01:06,50.2,12800,buy,2026-02-13_110106_502000_12800,13/02/2026,DGW,-400.0,413600,20743790000.0
2026-02-13 11:01:09,50.3,200,buy,2026-02-13_110109_503000_200,13/02/2026,DGW,-300.0,413800,20753850000.0
2026-02-13 11:01:23,50.3,2000,buy,2026-02-13_110123_503000_2000,13/02/2026,DGW,-300.0,415800,20854450000.0
2026-02-13 11:01:53,50.3,1000,buy,2026-02-13_110153_503000_1000,13/02/2026,DGW,-300.0,416800,20904750000.0
2026-02-13 11:02:08,50.2,100,sell,2026-02-13_110208_502000_100,13/02/2026,DGW,-400.0,416900,20909770000.0
2026-02-13 11:02:10,50.2,1600,sell,2026-02-13_110210_502000_1600,13/02/2026,DGW,-400.0,418500,20990090000.0
2026-02-13 11:02:34,50.2,300,sell,2026-02-13_110234_502000_300,13/02/2026,DGW,-400.0,418800,21005150000.0
2026-02-13 11:02:34,50.1,200,sell,2026-02-13_110234_501000_200,13/02/2026,DGW,-500.0,419000,21015170000.0
2026-02-13 11:02:35,50.1,600,sell,2026-02-13_110235_501000_600,13/02/2026,DGW,-500.0,419600,21045230000.0
2026-02-13 11:02:36,50.1,2000,sell,2026-02-13_110236_501000_2000,13/02/2026,DGW,-500.0,421600,21145430000.0
2026-02-13 11:03:43,50.1,100,sell,2026-02-13_110343_501000_100,13/02/2026,DGW,-500.0,421700,21150440000.0
2026-02-13 11:03:45,50.1,100,sell,2026-02-13_110345_501000_100,13/02/2026,DGW,-500.0,421800,21155450000.0
2026-02-13 11:03:56,50.1,100,sell,2026-02-13_110356_501000_100,13/02/2026,DGW,-500.0,421900,21160460000.0
2026-02-13 11:04:48,50.1,2000,sell,2026-02-13_110448_501000_2000,13/02/2026,DGW,-500.0,423900,21260660000.0
2026-02-13 11:05:03,50.1,500,sell,2026-02-13_110503_501000_500,13/02/2026,DGW,-500.0,424400,21285710000.0
2026-02-13 11:05:56,50.1,600,sell,2026-02-13_110556_501000_600,13/02/2026,DGW,-500.0,425000,21315770000.0
2026-02-13 11:06:16,50.1,200,sell,2026-02-13_110616_501000_200,13/02/2026,DGW,-500.0,425200,21325790000.0
2026-02-13 11:06:47,50.2,200,buy,2026-02-13_110647_502000_200,13/02/2026,DGW,-400.0,425400,21335830000.0
2026-02-13 11:07:00,50.1,2000,sell,2026-02-13_110700_501000_2000,13/02/2026,DGW,-500.0,427400,21436030000.0
2026-02-13 11:07:32,50.1,500,sell,2026-02-13_110732_501000_500,13/02/2026,DGW,-500.0,427900,21461080000.0
2026-02-13 11:09:11,50.1,2000,sell,2026-02-13_110911_501000_2000,13/02/2026,DGW,-500.0,429900,21561280000.0
2026-02-13 11:09:18,50.1,600,sell,2026-02-13_110918_501000_600,13/02/2026,DGW,-500.0,430500,21591340000.0
2026-02-13 11:09:19,50.1,14700,sell,2026-02-13_110919_501000_14700,13/02/2026,DGW,-500.0,445200,22327810000.0
2026-02-13 11:10:01,50.1,500,sell,2026-02-13_111001_501000_500,13/02/2026,DGW,-500.0,445700,22352860000.0
2026-02-13 11:10:02,50.1,600,sell,2026-02-13_111002_501000_600,13/02/2026,DGW,-500.0,446300,22382920000.0
2026-02-13 11:10:52,50.1,200,sell,2026-02-13_111052_501000_200,13/02/2026,DGW,-500.0,446500,22392940000.0
2026-02-13 11:10:52,50.1,2200,sell,2026-02-13_111052_501000_2200,13/02/2026,DGW,-500.0,448700,22503160000.0
2026-02-13 11:11:23,50.1,2000,sell,2026-02-13_111123_501000_2000,13/02/2026,DGW,-500.0,450700,22603360000.0
2026-02-13 11:11:24,50.2,10000,buy,2026-02-13_111124_502000_10000,13/02/2026,DGW,-400.0,460700,23105360000.0
2026-02-13 11:11:26,50.2,10000,buy,2026-02-13_111126_502000_10000,13/02/2026,DGW,-400.0,470700,23607360000.0
2026-02-13 11:12:16,50.2,900,buy,2026-02-13_111216_502000_900,13/02/2026,DGW,-400.0,471600,23652540000.0
2026-02-13 11:12:30,50.1,500,sell,2026-02-13_111230_501000_500,13/02/2026,DGW,-500.0,472100,23677590000.0
2026-02-13 11:12:39,50.1,600,sell,2026-02-13_111239_501000_600,13/02/2026,DGW,-500.0,472700,23707650000.0
2026-02-13 11:13:04,50.1,100,sell,2026-02-13_111304_501000_100,13/02/2026,DGW,-500.0,472800,23712660000.0
2026-02-13 11:13:35,50.1,2000,sell,2026-02-13_111335_501000_2000,13/02/2026,DGW,-500.0,474800,23812860000.0
2026-02-13 11:13:55,50.1,2200,sell,2026-02-13_111355_501000_2200,13/02/2026,DGW,-500.0,477000,23923080000.0
2026-02-13 11:14:47,50.1,2600,sell,2026-02-13_111447_501000_2600,13/02/2026,DGW,-500.0,484600,24303840000.0
2026-02-13 11:14:47,50.1,5000,sell,2026-02-13_111447_501000_5000,13/02/2026,DGW,-500.0,482000,24173580000.0
2026-02-13 11:14:56,50.0,200,sell,2026-02-13_111456_500000_200,13/02/2026,DGW,-600.0,484800,24313840000.0
2026-02-13 11:14:59,50.0,500,sell,2026-02-13_111459_500000_500,13/02/2026,DGW,-600.0,485300,24338840000.0
2026-02-13 11:15:17,50.0,4900,sell,2026-02-13_111517_500000_4900,13/02/2026,DGW,-600.0,490200,24583840000.0
2026-02-13 11:15:28,50.0,4000,sell,2026-02-13_111528_500000_4000,13/02/2026,DGW,-600.0,494200,24783840000.0
2026-02-13 11:15:46,50.0,2000,sell,2026-02-13_111546_500000_2000,13/02/2026,DGW,-600.0,496200,24883840000.0
2026-02-13 11:16:01,50.0,600,sell,2026-02-13_111601_500000_600,13/02/2026,DGW,-600.0,496800,24913840000.0
2026-02-13 11:16:21,50.1,1000,sell,2026-02-13_111621_501000_1000,13/02/2026,DGW,-500.0,497800,24963940000.0
2026-02-13 11:17:25,50.1,1000,sell,2026-02-13_111725_501000_1000,13/02/2026,DGW,-500.0,498800,25014040000.0
2026-02-13 11:17:28,50.0,300,sell,2026-02-13_111728_500000_300,13/02/2026,DGW,-600.0,499300,25039060000.0
2026-02-13 11:17:28,50.1,200,sell,2026-02-13_111728_501000_200,13/02/2026,DGW,-500.0,499000,25024060000.0
2026-02-13 11:17:55,50.0,300,sell,2026-02-13_111755_500000_300,13/02/2026,DGW,-600.0,499600,25054060000.0
2026-02-13 11:17:57,50.0,100,sell,2026-02-13_111757_500000_100,13/02/2026,DGW,-600.0,499700,25059060000.0
2026-02-13 11:17:58,50.0,2000,sell,2026-02-13_111758_500000_2000,13/02/2026,DGW,-600.0,501700,25159060000.0
2026-02-13 11:18:13,50.0,35800,sell,2026-02-13_111813_500000_35800,13/02/2026,DGW,-600.0,537500,26949060000.0
2026-02-13 11:18:23,49.95,4400,sell,2026-02-13_111823_499500_4400,13/02/2026,DGW,-650.0,541900,27168840000.0
2026-02-13 11:18:31,49.95,100,sell,2026-02-13_111831_499500_100,13/02/2026,DGW,-650.0,542000,27173835000.0
2026-02-13 11:18:52,49.9,4100,sell,2026-02-13_111852_499000_4100,13/02/2026,DGW,-700.0,547000,27423380000.0
2026-02-13 11:18:52,49.95,900,sell,2026-02-13_111852_499500_900,13/02/2026,DGW,-650.0,542900,27218790000.0
2026-02-13 11:19:22,49.9,600,sell,2026-02-13_111922_499000_600,13/02/2026,DGW,-700.0,547600,27453320000.0
2026-02-13 11:19:57,49.95,500,sell,2026-02-13_111957_499500_500,13/02/2026,DGW,-650.0,548100,27478295000.0
2026-02-13 11:20:01,49.95,100,sell,2026-02-13_112001_499500_100,13/02/2026,DGW,-650.0,548200,27483290000.0
2026-02-13 11:20:19,49.95,300,sell,2026-02-13_112019_499500_300,13/02/2026,DGW,-650.0,548500,27498275000.0
2026-02-13 11:20:35,49.95,100,buy,2026-02-13_112035_499500_100,13/02/2026,DGW,-650.0,548600,27503270000.0
2026-02-13 11:20:44,49.95,900,buy,2026-02-13_112044_499500_900,13/02/2026,DGW,-650.0,549500,27548225000.0
2026-02-13 11:20:49,49.9,3000,sell,2026-02-13_112049_499000_3000,13/02/2026,DGW,-700.0,552500,27697925000.0
2026-02-13 11:21:05,49.95,500,buy,2026-02-13_112105_499500_500,13/02/2026,DGW,-650.0,553000,27722900000.0
2026-02-13 11:21:25,49.95,600,sell,2026-02-13_112125_499500_600,13/02/2026,DGW,-650.0,553600,27752870000.0
2026-02-13 11:21:26,49.95,900,sell,2026-02-13_112126_499500_900,13/02/2026,DGW,-650.0,554500,27797825000.0
2026-02-13 11:21:36,49.95,100,buy,2026-02-13_112136_499500_100,13/02/2026,DGW,-650.0,554600,27802820000.0
2026-02-13 11:21:37,49.95,100,buy,2026-02-13_112137_499500_100,13/02/2026,DGW,-650.0,554700,27807815000.0
2026-02-13 11:21:41,49.95,300,buy,2026-02-13_112141_499500_300,13/02/2026,DGW,-650.0,555000,27822800000.0
2026-02-13 11:21:48,49.95,700,sell,2026-02-13_112148_499500_700,13/02/2026,DGW,-650.0,555700,27857765000.0
2026-02-13 11:22:26,49.9,500,sell,2026-02-13_112226_499000_500,13/02/2026,DGW,-700.0,556200,27882715000.0
2026-02-13 11:22:35,49.95,100,buy,2026-02-13_112235_499500_100,13/02/2026,DGW,-650.0,556300,27887710000.0
2026-02-13 11:22:37,49.95,400,buy,2026-02-13_112237_499500_400,13/02/2026,DGW,-650.0,556700,27907690000.0
2026-02-13 11:22:43,49.95,500,sell,2026-02-13_112243_499500_500,13/02/2026,DGW,-650.0,557200,27932665000.0
2026-02-13 11:22:43,49.9,600,sell,2026-02-13_112243_499000_600,13/02/2026,DGW,-700.0,557800,27962605000.0
2026-02-13 11:22:50,49.95,800,sell,2026-02-13_112250_499500_800,13/02/2026,DGW,-650.0,558600,28002565000.0
2026-02-13 11:22:51,49.95,200,sell,2026-02-13_112251_499500_200,13/02/2026,DGW,-650.0,558800,28012555000.0
2026-02-13 11:22:51,49.9,800,sell,2026-02-13_112251_499000_800,13/02/2026,DGW,-700.0,559600,28052475000.0
2026-02-13 11:24:55,49.9,500,sell,2026-02-13_112455_499000_500,13/02/2026,DGW,-700.0,560100,28077425000.0
2026-02-13 11:24:56,49.9,100,sell,2026-02-13_112456_499000_100,13/02/2026,DGW,-700.0,560200,28082415000.0
2026-02-13 11:26:05,49.9,600,sell,2026-02-13_112605_499000_600,13/02/2026,DGW,-700.0,560800,28112355000.0
2026-02-13 11:27:24,49.9,500,sell,2026-02-13_112724_499000_500,13/02/2026,DGW,-700.0,561300,28137305000.0
2026-02-13 11:28:04,49.9,200,sell,2026-02-13_112804_499000_200,13/02/2026,DGW,-700.0,561500,28147285000.0
2026-02-13 11:28:17,49.95,100,buy,2026-02-13_112817_499500_100,13/02/2026,DGW,-650.0,561600,28152280000.0
2026-02-13 11:28:18,49.95,900,buy,2026-02-13_112818_499500_900,13/02/2026,DGW,-650.0,562500,28197235000.0
2026-02-13 11:28:26,49.95,1000,buy,2026-02-13_112826_499500_1000,13/02/2026,DGW,-650.0,563500,28247185000.0
2026-02-13 11:28:56,49.95,2000,sell,2026-02-13_112856_499500_2000,13/02/2026,DGW,-650.0,565500,28347085000.0
2026-02-13 11:29:01,49.95,2000,sell,2026-02-13_112901_499500_2000,13/02/2026,DGW,-650.0,567500,28446985000.0
2026-02-13 11:29:26,49.95,600,sell,2026-02-13_112926_499500_600,13/02/2026,DGW,-650.0,568100,28476955000.0
2026-02-13 11:29:50,50.0,100,buy,2026-02-13_112950_500000_100,13/02/2026,DGW,-600.0,568200,28481955000.0
2026-02-13 13:00:02,49.95,1200,sell,2026-02-13_130002_499500_1200,13/02/2026,DGW,-650.0,569400,28541895000.0
2026-02-13 13:00:03,50.0,100,buy,2026-02-13_130003_500000_100,13/02/2026,DGW,-600.0,569500,28546895000.0
2026-02-13 13:00:08,50.0,100,buy,2026-02-13_130008_500000_100,13/02/2026,DGW,-600.0,569600,28551895000.0
2026-02-13 13:00:13,50.0,500,buy,2026-02-13_130013_500000_500,13/02/2026,DGW,-600.0,570100,28576895000.0
2026-02-13 13:00:14,49.95,700,sell,2026-02-13_130014_499500_700,13/02/2026,DGW,-650.0,570800,28611860000.0
2026-02-13 13:00:15,50.0,200,buy,2026-02-13_130015_500000_200,13/02/2026,DGW,-600.0,571000,28621860000.0
2026-02-13 13:00:17,49.95,1700,sell,2026-02-13_130017_499500_1700,13/02/2026,DGW,-650.0,574900,28816765000.0
2026-02-13 13:00:17,49.95,200,sell,2026-02-13_130017_499500_200,13/02/2026,DGW,-650.0,571200,28631850000.0
2026-02-13 13:00:17,50.0,2000,buy,2026-02-13_130017_500000_2000,13/02/2026,DGW,-600.0,573200,28731850000.0
2026-02-13 13:00:18,49.9,4000,sell,2026-02-13_130018_499000_4000,13/02/2026,DGW,-700.0,578900,29016365000.0
2026-02-13 13:00:18,49.95,200,buy,2026-02-13_130018_499500_200,13/02/2026,DGW,-650.0,579100,29026355000.0
2026-02-13 13:00:19,49.9,1000,sell,2026-02-13_130019_499000_1000,13/02/2026,DGW,-700.0,580100,29076255000.0
2026-02-13 13:00:20,49.95,100,buy,2026-02-13_130020_499500_100,13/02/2026,DGW,-650.0,580200,29081250000.0
2026-02-13 13:00:22,49.95,300,buy,2026-02-13_130022_499500_300,13/02/2026,DGW,-650.0,580500,29096235000.0
2026-02-13 13:00:24,49.9,500,sell,2026-02-13_130024_499000_500,13/02/2026,DGW,-700.0,581000,29121185000.0
2026-02-13 13:00:25,49.95,200,buy,2026-02-13_130025_499500_200,13/02/2026,DGW,-650.0,581200,29131175000.0
2026-02-13 13:00:26,49.95,1700,buy,2026-02-13_130026_499500_1700,13/02/2026,DGW,-650.0,582900,29216090000.0
2026-02-13 13:00:27,49.95,100,buy,2026-02-13_130027_499500_100,13/02/2026,DGW,-650.0,583000,29221085000.0
2026-02-13 13:00:28,49.95,100,buy,2026-02-13_130028_499500_100,13/02/2026,DGW,-650.0,583100,29226080000.0
2026-02-13 13:00:29,49.95,100,buy,2026-02-13_130029_499500_100,13/02/2026,DGW,-650.0,583600,29251055000.0
2026-02-13 13:00:29,50.0,200,buy,2026-02-13_130029_500000_200,13/02/2026,DGW,-600.0,583800,29261055000.0
2026-02-13 13:00:29,49.95,200,buy,2026-02-13_130029_499500_200,13/02/2026,DGW,-650.0,583500,29246060000.0
2026-02-13 13:00:30,50.0,700,buy,2026-02-13_130030_500000_700,13/02/2026,DGW,-600.0,584500,29296055000.0
2026-02-13 13:00:30,49.9,100,sell,2026-02-13_130030_499000_100,13/02/2026,DGW,-700.0,584600,29301045000.0
2026-02-13 13:00:36,49.9,4000,sell,2026-02-13_130036_499000_4000,13/02/2026,DGW,-700.0,588600,29500645000.0
2026-02-13 13:00:42,49.85,7000,sell,2026-02-13_130042_498500_7000,13/02/2026,DGW,-750.0,595600,29849595000.0
2026-02-13 13:01:08,49.85,2000,sell,2026-02-13_130108_498500_2000,13/02/2026,DGW,-750.0,597600,29949295000.0
2026-02-13 13:01:10,49.9,200,buy,2026-02-13_130110_499000_200,13/02/2026,DGW,-700.0,597800,29959275000.0
2026-02-13 13:01:32,49.9,100,sell,2026-02-13_130132_499000_100,13/02/2026,DGW,-700.0,597900,29964265000.0
2026-02-13 13:01:34,50.0,100,buy,2026-02-13_130134_500000_100,13/02/2026,DGW,-600.0,598000,29969265000.0
2026-02-13 13:01:41,50.0,1000,buy,2026-02-13_130141_500000_1000,13/02/2026,DGW,-600.0,599000,30019265000.0
2026-02-13 13:01:44,49.9,800,sell,2026-02-13_130144_499000_800,13/02/2026,DGW,-700.0,599800,30059185000.0
2026-02-13 13:01:54,49.9,100,sell,2026-02-13_130154_499000_100,13/02/2026,DGW,-700.0,599900,30064175000.0
2026-02-13 13:02:29,49.9,800,sell,2026-02-13_130229_499000_800,13/02/2026,DGW,-700.0,600700,30104095000.0
2026-02-13 13:02:29,49.9,1900,sell,2026-02-13_130229_499000_1900,13/02/2026,DGW,-700.0,602600,30198905000.0
2026-02-13 13:02:38,49.85,1000,sell,2026-02-13_130238_498500_1000,13/02/2026,DGW,-750.0,603600,30248755000.0
2026-02-13 13:02:50,49.85,2000,sell,2026-02-13_130250_498500_2000,13/02/2026,DGW,-750.0,605600,30348455000.0
2026-02-13 13:03:04,49.9,100,sell,2026-02-13_130304_499000_100,13/02/2026,DGW,-700.0,605700,30353445000.0
2026-02-13 13:03:28,49.85,600,sell,2026-02-13_130328_498500_600,13/02/2026,DGW,-750.0,606300,30383355000.0
2026-02-13 13:03:29,49.9,100,buy,2026-02-13_130329_499000_100,13/02/2026,DGW,-700.0,606400,30388345000.0
2026-02-13 13:03:38,49.9,100,buy,2026-02-13_130338_499000_100,13/02/2026,DGW,-700.0,606500,30393335000.0
2026-02-13 13:03:40,49.85,300,sell,2026-02-13_130340_498500_300,13/02/2026,DGW,-750.0,606800,30408290000.0
2026-02-13 13:03:43,49.9,1200,buy,2026-02-13_130343_499000_1200,13/02/2026,DGW,-700.0,608000,30468170000.0
2026-02-13 13:03:47,50.0,7300,buy,2026-02-13_130347_500000_7300,13/02/2026,DGW,-600.0,618000,30968035000.0
2026-02-13 13:03:47,49.95,2700,buy,2026-02-13_130347_499500_2700,13/02/2026,DGW,-650.0,610700,30603035000.0
2026-02-13 13:03:52,50.0,6900,buy,2026-02-13_130352_500000_6900,13/02/2026,DGW,-600.0,624900,31313035000.0
2026-02-13 13:04:02,50.0,600,sell,2026-02-13_130402_500000_600,13/02/2026,DGW,-600.0,625500,31343035000.0
2026-02-13 13:04:05,50.0,500,sell,2026-02-13_130405_500000_500,13/02/2026,DGW,-600.0,626000,31368035000.0
2026-02-13 13:04:11,50.1,100,buy,2026-02-13_130411_501000_100,13/02/2026,DGW,-500.0,626100,31373045000.0
2026-02-13 13:04:32,50.0,2000,sell,2026-02-13_130432_500000_2000,13/02/2026,DGW,-600.0,628100,31473045000.0
2026-02-13 13:05:21,50.0,200,sell,2026-02-13_130521_500000_200,13/02/2026,DGW,-600.0,628300,31483045000.0
2026-02-13 13:05:30,50.0,1800,sell,2026-02-13_130530_500000_1800,13/02/2026,DGW,-600.0,630100,31573045000.0
2026-02-13 13:06:14,50.0,900,sell,2026-02-13_130614_500000_900,13/02/2026,DGW,-600.0,631000,31618045000.0
2026-02-13 13:06:14,49.9,900,sell,2026-02-13_130614_499000_900,13/02/2026,DGW,-700.0,632100,31672945000.0
2026-02-13 13:06:14,49.95,200,sell,2026-02-13_130614_499500_200,13/02/2026,DGW,-650.0,631200,31628035000.0
2026-02-13 13:06:24,49.9,2600,sell,2026-02-13_130624_499000_2600,13/02/2026,DGW,-700.0,634900,31812675000.0
2026-02-13 13:06:24,49.95,200,sell,2026-02-13_130624_499500_200,13/02/2026,DGW,-650.0,632300,31682935000.0
2026-02-13 13:06:27,49.9,500,sell,2026-02-13_130627_499000_500,13/02/2026,DGW,-700.0,635400,31837625000.0
2026-02-13 13:06:33,50.0,100,sell,2026-02-13_130633_500000_100,13/02/2026,DGW,-600.0,635500,31842625000.0
2026-02-13 13:06:47,50.0,800,buy,2026-02-13_130647_500000_800,13/02/2026,DGW,-600.0,636300,31882625000.0
2026-02-13 13:06:47,49.9,600,sell,2026-02-13_130647_499000_600,13/02/2026,DGW,-700.0,636900,31912565000.0
2026-02-13 13:07:22,50.0,200,buy,2026-02-13_130722_500000_200,13/02/2026,DGW,-600.0,637100,31922565000.0
2026-02-13 13:07:56,50.0,2000,sell,2026-02-13_130756_500000_2000,13/02/2026,DGW,-600.0,639100,32022565000.0
2026-02-13 13:07:58,50.0,600,sell,2026-02-13_130758_500000_600,13/02/2026,DGW,-600.0,639700,32052565000.0
2026-02-13 13:08:10,50.1,5000,buy,2026-02-13_130810_501000_5000,13/02/2026,DGW,-500.0,644700,32303065000.0
2026-02-13 13:08:16,50.0,5000,sell,2026-02-13_130816_500000_5000,13/02/2026,DGW,-600.0,649700,32553065000.0
2026-02-13 13:08:22,50.2,2300,buy,2026-02-13_130822_502000_2300,13/02/2026,DGW,-400.0,653700,32753695000.0
2026-02-13 13:08:22,50.1,1700,buy,2026-02-13_130822_501000_1700,13/02/2026,DGW,-500.0,651400,32638235000.0
2026-02-13 13:08:40,50.2,900,buy,2026-02-13_130840_502000_900,13/02/2026,DGW,-400.0,654600,32798875000.0
2026-02-13 13:08:48,49.95,500,sell,2026-02-13_130848_499500_500,13/02/2026,DGW,-650.0,655100,32823850000.0
2026-02-13 13:08:56,49.9,6700,sell,2026-02-13_130856_499000_6700,13/02/2026,DGW,-700.0,665100,33323015000.0
2026-02-13 13:08:56,49.95,3300,sell,2026-02-13_130856_499500_3300,13/02/2026,DGW,-650.0,658400,32988685000.0
2026-02-13 13:09:02,50.2,5000,buy,2026-02-13_130902_502000_5000,13/02/2026,DGW,-400.0,670100,33574015000.0
2026-02-13 13:09:05,50.2,200,buy,2026-02-13_130905_502000_200,13/02/2026,DGW,-400.0,670300,33584055000.0
2026-02-13 13:09:06,50.2,5000,buy,2026-02-13_130906_502000_5000,13/02/2026,DGW,-400.0,675300,33835055000.0
2026-02-13 13:09:07,49.95,1000,sell,2026-02-13_130907_499500_1000,13/02/2026,DGW,-650.0,676300,33885005000.0
2026-02-13 13:09:15,50.2,100,buy,2026-02-13_130915_502000_100,13/02/2026,DGW,-400.0,676400,33890025000.0
2026-02-13 13:09:24,49.9,2100,sell,2026-02-13_130924_499000_2100,13/02/2026,DGW,-700.0,686400,34389420000.0
2026-02-13 13:09:24,49.95,7900,sell,2026-02-13_130924_499500_7900,13/02/2026,DGW,-650.0,684300,34284630000.0
2026-02-13 13:09:29,50.1,1000,buy,2026-02-13_130929_501000_1000,13/02/2026,DGW,-500.0,687400,34439520000.0
2026-02-13 13:09:29,50.2,4000,buy,2026-02-13_130929_502000_4000,13/02/2026,DGW,-400.0,691400,34640320000.0
2026-02-13 13:09:36,50.2,1100,buy,2026-02-13_130936_502000_1100,13/02/2026,DGW,-400.0,692500,34695540000.0
2026-02-13 13:09:36,50.2,900,buy,2026-02-13_130936_502000_900,13/02/2026,DGW,-400.0,693400,34740720000.0
2026-02-13 13:09:37,49.95,2000,sell,2026-02-13_130937_499500_2000,13/02/2026,DGW,-650.0,695400,34840620000.0
2026-02-13 13:09:40,50.2,2000,buy,2026-02-13_130940_502000_2000,13/02/2026,DGW,-400.0,697400,34941020000.0
2026-02-13 13:09:45,49.95,200,sell,2026-02-13_130945_499500_200,13/02/2026,DGW,-650.0,697600,34951010000.0
2026-02-13 13:09:46,50.2,1000,buy,2026-02-13_130946_502000_1000,13/02/2026,DGW,-400.0,698600,35001210000.0
2026-02-13 13:09:52,50.2,100,buy,2026-02-13_130952_502000_100,13/02/2026,DGW,-400.0,698700,35006230000.0
2026-02-13 13:10:06,50.0,600,sell,2026-02-13_131006_500000_600,13/02/2026,DGW,-600.0,699300,35036230000.0
2026-02-13 13:10:07,50.2,100,buy,2026-02-13_131007_502000_100,13/02/2026,DGW,-400.0,699400,35041250000.0
2026-02-13 13:10:10,50.2,1700,buy,2026-02-13_131010_502000_1700,13/02/2026,DGW,-400.0,701100,35126590000.0
2026-02-13 13:10:13,50.2,39000,buy,2026-02-13_131013_502000_39000,13/02/2026,DGW,-400.0,740100,37084390000.0
2026-02-13 13:10:14,50.2,17800,buy,2026-02-13_131014_502000_17800,13/02/2026,DGW,-400.0,757900,37977950000.0
2026-02-13 13:10:34,50.3,3000,buy,2026-02-13_131034_503000_3000,13/02/2026,DGW,-300.0,760900,38128850000.0
2026-02-13 13:10:37,50.3,1000,buy,2026-02-13_131037_503000_1000,13/02/2026,DGW,-300.0,761900,38179150000.0
2026-02-13 13:11:10,50.2,500,sell,2026-02-13_131110_502000_500,13/02/2026,DGW,-400.0,762400,38204250000.0
2026-02-13 13:11:19,50.2,400,sell,2026-02-13_131119_502000_400,13/02/2026,DGW,-400.0,762800,38224330000.0
2026-02-13 13:11:19,50.0,1000,sell,2026-02-13_131119_500000_1000,13/02/2026,DGW,-600.0,764400,38304390000.0
2026-02-13 13:11:19,50.1,600,sell,2026-02-13_131119_501000_600,13/02/2026,DGW,-500.0,763400,38254390000.0
2026-02-13 13:13:01,50.0,800,sell,2026-02-13_131301_500000_800,13/02/2026,DGW,-600.0,766400,38404510000.0
2026-02-13 13:13:01,50.1,1200,sell,2026-02-13_131301_501000_1200,13/02/2026,DGW,-500.0,765600,38364510000.0
2026-02-13 13:13:25,50.0,400,sell,2026-02-13_131325_500000_400,13/02/2026,DGW,-600.0,767000,38434530000.0
2026-02-13 13:13:25,50.1,200,sell,2026-02-13_131325_501000_200,13/02/2026,DGW,-500.0,766600,38414530000.0
2026-02-13 13:13:31,50.0,500,sell,2026-02-13_131331_500000_500,13/02/2026,DGW,-600.0,767500,38459530000.0
2026-02-13 13:13:41,50.0,100,sell,2026-02-13_131341_500000_100,13/02/2026,DGW,-600.0,767600,38464530000.0
2026-02-13 13:14:44,50.0,2000,sell,2026-02-13_131444_500000_2000,13/02/2026,DGW,-600.0,769600,38564530000.0
2026-02-13 13:15:53,50.0,500,sell,2026-02-13_131553_500000_500,13/02/2026,DGW,-600.0,770100,38589530000.0
2026-02-13 13:15:58,50.0,200,sell,2026-02-13_131558_500000_200,13/02/2026,DGW,-600.0,770300,38599530000.0
2026-02-13 13:16:08,50.0,300,sell,2026-02-13_131608_500000_300,13/02/2026,DGW,-600.0,770600,38614530000.0
2026-02-13 13:16:25,50.0,2000,sell,2026-02-13_131625_500000_2000,13/02/2026,DGW,-600.0,772600,38714530000.0
2026-02-13 13:16:44,50.0,600,sell,2026-02-13_131644_500000_600,13/02/2026,DGW,-600.0,773200,38744530000.0
2026-02-13 13:18:07,50.0,1100,sell,2026-02-13_131807_500000_1100,13/02/2026,DGW,-600.0,775200,38844620000.0
2026-02-13 13:18:07,50.1,900,sell,2026-02-13_131807_501000_900,13/02/2026,DGW,-500.0,774100,38789620000.0
2026-02-13 13:18:14,50.0,500,sell,2026-02-13_131814_500000_500,13/02/2026,DGW,-600.0,775700,38869620000.0
2026-02-13 13:18:30,50.0,1200,sell,2026-02-13_131830_500000_1200,13/02/2026,DGW,-600.0,776900,38929620000.0
2026-02-13 13:18:56,50.1,100,buy,2026-02-13_131856_501000_100,13/02/2026,DGW,-500.0,777000,38934630000.0
2026-02-13 13:19:02,50.1,900,buy,2026-02-13_131902_501000_900,13/02/2026,DGW,-500.0,777900,38979720000.0
2026-02-13 13:19:49,50.0,2000,sell,2026-02-13_131949_500000_2000,13/02/2026,DGW,-600.0,779900,39079720000.0
2026-02-13 13:20:03,50.0,600,sell,2026-02-13_132003_500000_600,13/02/2026,DGW,-600.0,780500,39109720000.0
2026-02-13 13:20:06,50.0,100,sell,2026-02-13_132006_500000_100,13/02/2026,DGW,-600.0,780600,39114720000.0
2026-02-13 13:20:35,50.1,2000,buy,2026-02-13_132035_501000_2000,13/02/2026,DGW,-500.0,782600,39214920000.0
2026-02-13 13:20:35,50.0,500,sell,2026-02-13_132035_500000_500,13/02/2026,DGW,-600.0,783100,39239920000.0
2026-02-13 13:20:37,50.1,200,buy,2026-02-13_132037_501000_200,13/02/2026,DGW,-500.0,783300,39249940000.0
2026-02-13 13:21:06,50.1,500,sell,2026-02-13_132106_501000_500,13/02/2026,DGW,-500.0,783800,39274990000.0
2026-02-13 13:21:31,50.0,1000,sell,2026-02-13_132131_500000_1000,13/02/2026,DGW,-600.0,785800,39375090000.0
2026-02-13 13:21:31,50.1,1000,sell,2026-02-13_132131_501000_1000,13/02/2026,DGW,-500.0,784800,39325090000.0
2026-02-13 13:21:38,50.0,100,sell,2026-02-13_132138_500000_100,13/02/2026,DGW,-600.0,785900,39380090000.0
2026-02-13 13:21:50,50.1,500,sell,2026-02-13_132150_501000_500,13/02/2026,DGW,-500.0,786400,39405140000.0
2026-02-13 13:21:53,50.1,500,sell,2026-02-13_132153_501000_500,13/02/2026,DGW,-500.0,786900,39430190000.0
2026-02-13 13:22:37,50.1,500,sell,2026-02-13_132237_501000_500,13/02/2026,DGW,-500.0,787400,39455240000.0
2026-02-13 13:22:57,50.1,500,sell,2026-02-13_132257_501000_500,13/02/2026,DGW,-500.0,787900,39480290000.0
2026-02-13 13:23:12,50.1,2000,sell,2026-02-13_132312_501000_2000,13/02/2026,DGW,-500.0,789900,39580490000.0
2026-02-13 13:23:22,50.1,600,sell,2026-02-13_132322_501000_600,13/02/2026,DGW,-500.0,790500,39610550000.0
2026-02-13 13:23:54,50.1,2000,sell,2026-02-13_132354_501000_2000,13/02/2026,DGW,-500.0,792500,39710750000.0
2026-02-13 13:24:32,50.1,300,sell,2026-02-13_132432_501000_300,13/02/2026,DGW,-500.0,792800,39725780000.0
2026-02-13 13:24:37,50.2,100,buy,2026-02-13_132437_502000_100,13/02/2026,DGW,-400.0,792900,39730800000.0
2026-02-13 13:24:40,50.2,800,buy,2026-02-13_132440_502000_800,13/02/2026,DGW,-400.0,793700,39770960000.0
2026-02-13 13:24:55,50.1,2000,sell,2026-02-13_132455_501000_2000,13/02/2026,DGW,-500.0,795700,39871160000.0
2026-02-13 13:25:18,50.1,500,sell,2026-02-13_132518_501000_500,13/02/2026,DGW,-500.0,796200,39896210000.0
2026-02-13 13:25:34,50.1,5800,sell,2026-02-13_132534_501000_5800,13/02/2026,DGW,-500.0,802000,40186790000.0
2026-02-13 13:25:47,50.2,100,buy,2026-02-13_132547_502000_100,13/02/2026,DGW,-400.0,802100,40191810000.0
2026-02-13 13:26:03,50.2,1000,buy,2026-02-13_132603_502000_1000,13/02/2026,DGW,-400.0,803100,40242010000.0
2026-02-13 13:26:21,50.2,10000,buy,2026-02-13_132621_502000_10000,13/02/2026,DGW,-400.0,813100,40744010000.0
2026-02-13 13:26:34,50.2,1000,buy,2026-02-13_132634_502000_1000,13/02/2026,DGW,-400.0,814100,40794210000.0
2026-02-13 13:26:34,50.2,800,buy,2026-02-13_132634_502000_800,13/02/2026,DGW,-400.0,814900,40834370000.0
2026-02-13 13:26:40,50.2,500,buy,2026-02-13_132640_502000_500,13/02/2026,DGW,-400.0,815400,40859470000.0
2026-02-13 13:26:41,50.1,600,sell,2026-02-13_132641_501000_600,13/02/2026,DGW,-500.0,816000,40889530000.0
2026-02-13 13:26:43,50.2,6300,buy,2026-02-13_132643_502000_6300,13/02/2026,DGW,-400.0,863500,43274030000.0
2026-02-13 13:26:43,50.2,41200,buy,2026-02-13_132643_502000_41200,13/02/2026,DGW,-400.0,857200,42957770000.0
2026-02-13 13:26:51,50.2,1600,sell,2026-02-13_132651_502000_1600,13/02/2026,DGW,-400.0,865100,43354350000.0
2026-02-13 13:26:58,50.3,500,buy,2026-02-13_132658_503000_500,13/02/2026,DGW,-300.0,865600,43379500000.0
2026-02-13 13:26:59,50.3,5200,buy,2026-02-13_132659_503000_5200,13/02/2026,DGW,-300.0,870800,43641060000.0
2026-02-13 13:27:14,50.4,200,buy,2026-02-13_132714_504000_200,13/02/2026,DGW,-200.0,871000,43651140000.0
2026-02-13 13:27:17,50.4,700,buy,2026-02-13_132717_504000_700,13/02/2026,DGW,-200.0,871700,43686420000.0
2026-02-13 13:27:18,50.4,500,buy,2026-02-13_132718_504000_500,13/02/2026,DGW,-200.0,872200,43711620000.0
2026-02-13 13:27:22,50.4,6800,buy,2026-02-13_132722_504000_6800,13/02/2026,DGW,-200.0,879000,44054340000.0
2026-02-13 13:27:35,50.5,12600,buy,2026-02-13_132735_505000_12600,13/02/2026,DGW,-100.0,891600,44690640000.0
2026-02-13 13:27:39,50.5,500,sell,2026-02-13_132739_505000_500,13/02/2026,DGW,-100.0,893700,44796690000.0
2026-02-13 13:27:39,50.5,1600,sell,2026-02-13_132739_505000_1600,13/02/2026,DGW,-100.0,893200,44771440000.0
2026-02-13 13:27:45,50.6,1000,buy,2026-02-13_132745_506000_1000,13/02/2026,DGW,0.0,894700,44847290000.0
2026-02-13 13:27:52,50.6,500,buy,2026-02-13_132752_506000_500,13/02/2026,DGW,0.0,895200,44872590000.0
2026-02-13 13:28:13,50.5,6000,sell,2026-02-13_132813_505000_6000,13/02/2026,DGW,-100.0,901200,45175590000.0
2026-02-13 13:28:13,50.6,100,buy,2026-02-13_132813_506000_100,13/02/2026,DGW,0.0,901300,45180650000.0
2026-02-13 13:28:25,50.5,3300,sell,2026-02-13_132825_505000_3300,13/02/2026,DGW,-100.0,905100,45372550000.0
2026-02-13 13:28:25,50.5,500,sell,2026-02-13_132825_505000_500,13/02/2026,DGW,-100.0,901800,45205900000.0
2026-02-13 13:28:26,50.5,500,sell,2026-02-13_132826_505000_500,13/02/2026,DGW,-100.0,905600,45397800000.0
2026-02-13 13:28:26,50.4,4700,sell,2026-02-13_132826_504000_4700,13/02/2026,DGW,-200.0,910300,45634680000.0
2026-02-13 13:28:27,50.4,800,buy,2026-02-13_132827_504000_800,13/02/2026,DGW,-200.0,911100,45675000000.0
2026-02-13 13:28:28,50.5,1200,buy,2026-02-13_132828_505000_1200,13/02/2026,DGW,-100.0,912300,45735600000.0
2026-02-13 13:28:28,50.5,400,sell,2026-02-13_132828_505000_400,13/02/2026,DGW,-100.0,912700,45755800000.0
2026-02-13 13:29:18,50.4,600,buy,2026-02-13_132918_504000_600,13/02/2026,DGW,-200.0,913300,45786040000.0
2026-02-13 13:29:19,50.4,400,buy,2026-02-13_132919_504000_400,13/02/2026,DGW,-200.0,913700,45806200000.0
2026-02-13 13:29:23,50.4,600,buy,2026-02-13_132923_504000_600,13/02/2026,DGW,-200.0,914300,45836440000.0
2026-02-13 13:29:35,50.4,500,sell,2026-02-13_132935_504000_500,13/02/2026,DGW,-200.0,914800,45861640000.0
2026-02-13 13:30:00,50.3,100,sell,2026-02-13_133000_503000_100,13/02/2026,DGW,-300.0,914900,45866670000.0
2026-02-13 13:30:01,50.3,500,sell,2026-02-13_133001_503000_500,13/02/2026,DGW,-300.0,915400,45891820000.0
2026-02-13 13:30:12,50.4,900,buy,2026-02-13_133012_504000_900,13/02/2026,DGW,-200.0,916300,45937180000.0
2026-02-13 13:30:20,50.4,900,buy,2026-02-13_133020_504000_900,13/02/2026,DGW,-200.0,917200,45982540000.0
2026-02-13 13:30:46,50.3,700,sell,2026-02-13_133046_503000_700,13/02/2026,DGW,-300.0,917900,46017750000.0
2026-02-13 13:30:46,50.3,1600,sell,2026-02-13_133046_503000_1600,13/02/2026,DGW,-300.0,919500,46098230000.0
2026-02-13 13:30:59,50.3,100,sell,2026-02-13_133059_503000_100,13/02/2026,DGW,-300.0,919600,46103260000.0
2026-02-13 13:31:10,50.3,1600,sell,2026-02-13_133110_503000_1600,13/02/2026,DGW,-300.0,921200,46183740000.0
2026-02-13 13:31:14,50.3,500,sell,2026-02-13_133114_503000_500,13/02/2026,DGW,-300.0,921700,46208890000.0
2026-02-13 13:31:17,50.4,5000,buy,2026-02-13_133117_504000_5000,13/02/2026,DGW,-200.0,926700,46460890000.0
2026-02-13 13:31:56,50.4,2400,buy,2026-02-13_133156_504000_2400,13/02/2026,DGW,-200.0,929100,46581850000.0
2026-02-13 13:31:57,50.4,1600,sell,2026-02-13_133157_504000_1600,13/02/2026,DGW,-200.0,930700,46662490000.0
2026-02-13 13:32:14,50.4,400,sell,2026-02-13_133214_504000_400,13/02/2026,DGW,-200.0,931100,46682650000.0
2026-02-13 13:32:16,50.4,1600,sell,2026-02-13_133216_504000_1600,13/02/2026,DGW,-200.0,932700,46763290000.0
2026-02-13 13:32:31,50.4,2500,buy,2026-02-13_133231_504000_2500,13/02/2026,DGW,-200.0,935200,46889290000.0
2026-02-13 13:32:45,50.4,1600,sell,2026-02-13_133245_504000_1600,13/02/2026,DGW,-200.0,937300,46995130000.0
2026-02-13 13:32:45,50.4,500,sell,2026-02-13_133245_504000_500,13/02/2026,DGW,-200.0,935700,46914490000.0
2026-02-13 13:33:01,50.4,500,sell,2026-02-13_133301_504000_500,13/02/2026,DGW,-200.0,937800,47020330000.0
2026-02-13 13:33:08,50.4,1700,sell,2026-02-13_133308_504000_1700,13/02/2026,DGW,-200.0,939500,47106010000.0
2026-02-13 13:33:20,50.5,4500,buy,2026-02-13_133320_505000_4500,13/02/2026,DGW,-100.0,944000,47333260000.0
2026-02-13 13:33:27,50.5,2400,buy,2026-02-13_133327_505000_2400,13/02/2026,DGW,-100.0,946400,47454460000.0
2026-02-13 13:33:32,50.5,1600,sell,2026-02-13_133332_505000_1600,13/02/2026,DGW,-100.0,948000,47535260000.0
2026-02-13 13:33:41,50.5,300,sell,2026-02-13_133341_505000_300,13/02/2026,DGW,-100.0,948300,47550410000.0
2026-02-13 13:33:44,50.6,10800,buy,2026-02-13_133344_506000_10800,13/02/2026,DGW,0.0,962800,48284100000.0
2026-02-13 13:33:44,50.5,100,sell,2026-02-13_133344_505000_100,13/02/2026,DGW,-100.0,952000,47737620000.0
2026-02-13 13:33:44,50.6,3600,buy,2026-02-13_133344_506000_3600,13/02/2026,DGW,0.0,951900,47732570000.0
2026-02-13 13:33:45,50.5,5000,sell,2026-02-13_133345_505000_5000,13/02/2026,DGW,-100.0,971700,48733940000.0
2026-02-13 13:33:45,50.6,3900,sell,2026-02-13_133345_506000_3900,13/02/2026,DGW,0.0,966700,48481440000.0
2026-02-13 13:33:45,50.4,1100,sell,2026-02-13_133345_504000_1100,13/02/2026,DGW,-200.0,972800,48789380000.0
2026-02-13 13:33:54,50.4,1600,sell,2026-02-13_133354_504000_1600,13/02/2026,DGW,-200.0,974400,48870020000.0
2026-02-13 13:34:00,50.6,300,buy,2026-02-13_133400_506000_300,13/02/2026,DGW,0.0,974700,48885200000.0
2026-02-13 13:34:03,50.6,500,buy,2026-02-13_133403_506000_500,13/02/2026,DGW,0.0,975200,48910500000.0
2026-02-13 13:34:14,50.6,500,sell,2026-02-13_133414_506000_500,13/02/2026,DGW,0.0,975700,48935800000.0
2026-02-13 13:34:18,50.6,3700,sell,2026-02-13_133418_506000_3700,13/02/2026,DGW,0.0,979400,49123020000.0
2026-02-13 13:34:18,50.3,1100,sell,2026-02-13_133418_503000_1100,13/02/2026,DGW,-300.0,982300,49269070000.0
2026-02-13 13:34:18,50.4,1800,sell,2026-02-13_133418_504000_1800,13/02/2026,DGW,-200.0,981200,49213740000.0
2026-02-13 13:34:19,50.7,1000,buy,2026-02-13_133419_507000_1000,13/02/2026,DGW,100.0,983300,49319770000.0
2026-02-13 13:34:26,50.5,100,sell,2026-02-13_133426_505000_100,13/02/2026,DGW,-100.0,983400,49324820000.0
2026-02-13 13:34:28,50.7,400,buy,2026-02-13_133428_507000_400,13/02/2026,DGW,100.0,983800,49345100000.0
2026-02-13 13:35:03,50.7,800,buy,2026-02-13_133503_507000_800,13/02/2026,DGW,100.0,984600,49385660000.0
2026-02-13 13:35:21,50.7,2600,buy,2026-02-13_133521_507000_2600,13/02/2026,DGW,100.0,987200,49517480000.0
2026-02-13 13:35:38,50.7,600,buy,2026-02-13_133538_507000_600,13/02/2026,DGW,100.0,987800,49547900000.0
2026-02-13 13:35:42,50.6,1200,sell,2026-02-13_133542_506000_1200,13/02/2026,DGW,0.0,989000,49608620000.0
2026-02-13 13:35:43,50.7,500,buy,2026-02-13_133543_507000_500,13/02/2026,DGW,100.0,989500,49633970000.0
2026-02-13 13:35:45,50.6,1000,sell,2026-02-13_133545_506000_1000,13/02/2026,DGW,0.0,990500,49684570000.0
2026-02-13 13:35:53,50.6,200,sell,2026-02-13_133553_506000_200,13/02/2026,DGW,0.0,990700,49694690000.0
2026-02-13 13:36:00,50.6,900,buy,2026-02-13_133600_506000_900,13/02/2026,DGW,0.0,991600,49740230000.0
2026-02-13 13:36:15,50.6,100,buy,2026-02-13_133615_506000_100,13/02/2026,DGW,0.0,991700,49745290000.0
2026-02-13 13:36:57,50.6,800,buy,2026-02-13_133657_506000_800,13/02/2026,DGW,0.0,992500,49785770000.0
2026-02-13 13:37:53,50.6,900,buy,2026-02-13_133753_506000_900,13/02/2026,DGW,0.0,993400,49831310000.0
2026-02-13 13:37:55,50.6,1000,buy,2026-02-13_133755_506000_1000,13/02/2026,DGW,0.0,994400,49881910000.0
2026-02-13 13:37:57,50.6,2000,buy,2026-02-13_133757_506000_2000,13/02/2026,DGW,0.0,996400,49983110000.0
2026-02-13 13:38:50,50.5,2000,sell,2026-02-13_133850_505000_2000,13/02/2026,DGW,-100.0,999200,50124590000.0
2026-02-13 13:38:50,50.6,800,buy,2026-02-13_133850_506000_800,13/02/2026,DGW,0.0,997200,50023590000.0
2026-02-13 13:39:01,50.5,1600,sell,2026-02-13_133901_505000_1600,13/02/2026,DGW,-100.0,1000800,50205390000.0
2026-02-13 13:39:10,50.5,500,sell,2026-02-13_133910_505000_500,13/02/2026,DGW,-100.0,1001300,50230640000.0
2026-02-13 13:39:11,50.5,500,sell,2026-02-13_133911_505000_500,13/02/2026,DGW,-100.0,1001800,50255890000.0
2026-02-13 13:39:45,50.5,800,buy,2026-02-13_133945_505000_800,13/02/2026,DGW,-100.0,1002600,50296290000.0
2026-02-13 13:40:13,50.5,5000,buy,2026-02-13_134013_505000_5000,13/02/2026,DGW,-100.0,1007600,50548790000.0
2026-02-13 13:40:15,50.4,1000,sell,2026-02-13_134015_504000_1000,13/02/2026,DGW,-200.0,1008600,50599190000.0
2026-02-13 13:40:25,50.5,400,buy,2026-02-13_134025_505000_400,13/02/2026,DGW,-100.0,1009000,50619390000.0
2026-02-13 13:40:25,50.4,100,sell,2026-02-13_134025_504000_100,13/02/2026,DGW,-200.0,1009100,50624430000.0
2026-02-13 13:40:34,50.5,500,buy,2026-02-13_134034_505000_500,13/02/2026,DGW,-100.0,1009600,50649680000.0
2026-02-13 13:40:35,50.4,1600,sell,2026-02-13_134035_504000_1600,13/02/2026,DGW,-200.0,1011200,50730320000.0
2026-02-13 13:40:36,50.5,500,buy,2026-02-13_134036_505000_500,13/02/2026,DGW,-100.0,1011700,50755570000.0
2026-02-13 13:40:50,50.5,2000,sell,2026-02-13_134050_505000_2000,13/02/2026,DGW,-100.0,1013700,50856570000.0
2026-02-13 13:40:59,50.5,1700,sell,2026-02-13_134059_505000_1700,13/02/2026,DGW,-100.0,1015400,50942420000.0
2026-02-13 13:41:02,50.5,400,sell,2026-02-13_134102_505000_400,13/02/2026,DGW,-100.0,1015800,50962620000.0
2026-02-13 13:41:17,50.5,200,sell,2026-02-13_134117_505000_200,13/02/2026,DGW,-100.0,1016000,50972720000.0
2026-02-13 13:41:19,50.5,100,sell,2026-02-13_134119_505000_100,13/02/2026,DGW,-100.0,1016100,50977770000.0
2026-02-13 13:41:19,50.5,500,sell,2026-02-13_134119_505000_500,13/02/2026,DGW,-100.0,1016600,51003020000.0
2026-02-13 13:41:22,50.5,1600,sell,2026-02-13_134122_505000_1600,13/02/2026,DGW,-100.0,1018200,51083820000.0
2026-02-13 13:41:26,50.5,900,sell,2026-02-13_134126_505000_900,13/02/2026,DGW,-100.0,1019100,51129270000.0
2026-02-13 13:41:30,50.5,1800,buy,2026-02-13_134130_505000_1800,13/02/2026,DGW,-100.0,1020900,51220170000.0
2026-02-13 13:41:36,50.5,1000,buy,2026-02-13_134136_505000_1000,13/02/2026,DGW,-100.0,1021900,51270670000.0
2026-02-13 13:41:39,50.5,800,buy,2026-02-13_134139_505000_800,13/02/2026,DGW,-100.0,1022700,51311070000.0
2026-02-13 13:41:39,50.5,200,buy,2026-02-13_134139_505000_200,13/02/2026,DGW,-100.0,1022900,51321170000.0
2026-02-13 13:41:46,50.5,1600,buy,2026-02-13_134146_505000_1600,13/02/2026,DGW,-100.0,1024500,51401970000.0
2026-02-13 13:41:51,50.5,200,buy,2026-02-13_134151_505000_200,13/02/2026,DGW,-100.0,1024700,51412070000.0
2026-02-13 13:42:11,50.5,1000,buy,2026-02-13_134211_505000_1000,13/02/2026,DGW,-100.0,1025700,51462570000.0
2026-02-13 13:42:36,50.5,800,buy,2026-02-13_134236_505000_800,13/02/2026,DGW,-100.0,1026500,51502970000.0
2026-02-13 13:42:47,50.5,4000,buy,2026-02-13_134247_505000_4000,13/02/2026,DGW,-100.0,1030500,51704970000.0
2026-02-13 13:42:48,50.5,500,sell,2026-02-13_134248_505000_500,13/02/2026,DGW,-100.0,1031000,51730220000.0
2026-02-13 13:42:56,50.5,1600,sell,2026-02-13_134256_505000_1600,13/02/2026,DGW,-100.0,1032600,51811020000.0
2026-02-13 13:43:06,50.5,800,sell,2026-02-13_134306_505000_800,13/02/2026,DGW,-100.0,1033400,51851420000.0
2026-02-13 13:43:10,50.5,200,buy,2026-02-13_134310_505000_200,13/02/2026,DGW,-100.0,1033600,51861520000.0
2026-02-13 13:43:27,50.5,300,buy,2026-02-13_134327_505000_300,13/02/2026,DGW,-100.0,1033900,51876670000.0
2026-02-13 13:43:32,50.5,900,buy,2026-02-13_134332_505000_900,13/02/2026,DGW,-100.0,1034800,51922120000.0
2026-02-13 13:43:45,50.5,2500,buy,2026-02-13_134345_505000_2500,13/02/2026,DGW,-100.0,1037300,52048370000.0
2026-02-13 13:43:48,50.5,400,buy,2026-02-13_134348_505000_400,13/02/2026,DGW,-100.0,1037700,52068570000.0
2026-02-13 13:43:50,50.5,500,buy,2026-02-13_134350_505000_500,13/02/2026,DGW,-100.0,1038200,52093820000.0
2026-02-13 13:43:56,50.5,100,buy,2026-02-13_134356_505000_100,13/02/2026,DGW,-100.0,1038300,52098870000.0
2026-02-13 13:44:02,50.5,700,buy,2026-02-13_134402_505000_700,13/02/2026,DGW,-100.0,1039000,52134220000.0
2026-02-13 13:44:16,50.5,5000,buy,2026-02-13_134416_505000_5000,13/02/2026,DGW,-100.0,1044000,52386720000.0
2026-02-13 13:44:21,50.5,300,buy,2026-02-13_134421_505000_300,13/02/2026,DGW,-100.0,1044300,52401870000.0
2026-02-13 13:44:26,50.5,3900,buy,2026-02-13_134426_505000_3900,13/02/2026,DGW,-100.0,1048200,52598820000.0
2026-02-13 13:44:30,50.5,1600,sell,2026-02-13_134430_505000_1600,13/02/2026,DGW,-100.0,1049800,52679620000.0
2026-02-13 13:44:54,50.5,1700,sell,2026-02-13_134454_505000_1700,13/02/2026,DGW,-100.0,1051500,52765470000.0
2026-02-13 13:44:59,50.5,100,sell,2026-02-13_134459_505000_100,13/02/2026,DGW,-100.0,1051600,52770520000.0
2026-02-13 13:45:07,50.5,500,sell,2026-02-13_134507_505000_500,13/02/2026,DGW,-100.0,1052100,52795770000.0
2026-02-13 13:45:26,50.5,800,buy,2026-02-13_134526_505000_800,13/02/2026,DGW,-100.0,1052900,52836170000.0
2026-02-13 13:45:27,50.4,1200,sell,2026-02-13_134527_504000_1200,13/02/2026,DGW,-200.0,1054100,52896650000.0
2026-02-13 13:45:41,50.4,1600,sell,2026-02-13_134541_504000_1600,13/02/2026,DGW,-200.0,1055700,52977290000.0
2026-02-13 13:45:43,50.4,200,sell,2026-02-13_134543_504000_200,13/02/2026,DGW,-200.0,1055900,52987370000.0
2026-02-13 13:45:44,50.4,100,sell,2026-02-13_134544_504000_100,13/02/2026,DGW,-200.0,1056000,52992410000.0
2026-02-13 13:46:04,50.4,1600,sell,2026-02-13_134604_504000_1600,13/02/2026,DGW,-200.0,1057600,53073050000.0
2026-02-13 13:46:09,50.4,1800,sell,2026-02-13_134609_504000_1800,13/02/2026,DGW,-200.0,1059400,53163770000.0
2026-02-13 13:46:13,50.4,500,sell,2026-02-13_134613_504000_500,13/02/2026,DGW,-200.0,1059900,53188970000.0
2026-02-13 13:46:28,50.4,1600,sell,2026-02-13_134628_504000_1600,13/02/2026,DGW,-200.0,1061500,53269610000.0
2026-02-13 13:46:40,50.4,500,sell,2026-02-13_134640_504000_500,13/02/2026,DGW,-200.0,1062000,53294810000.0
2026-02-13 13:46:51,50.4,1700,sell,2026-02-13_134651_504000_1700,13/02/2026,DGW,-200.0,1063700,53380490000.0
2026-02-13 13:47:09,50.5,900,buy,2026-02-13_134709_505000_900,13/02/2026,DGW,-100.0,1064600,53425940000.0
2026-02-13 13:47:10,50.5,1000,buy,2026-02-13_134710_505000_1000,13/02/2026,DGW,-100.0,1065600,53476440000.0
2026-02-13 13:47:12,50.4,500,sell,2026-02-13_134712_504000_500,13/02/2026,DGW,-200.0,1066100,53501640000.0
2026-02-13 13:47:12,50.5,200,buy,2026-02-13_134712_505000_200,13/02/2026,DGW,-100.0,1066300,53511740000.0
2026-02-13 13:47:18,50.4,5000,sell,2026-02-13_134718_504000_5000,13/02/2026,DGW,-200.0,1071300,53763740000.0
2026-02-13 13:47:23,50.5,1000,buy,2026-02-13_134723_505000_1000,13/02/2026,DGW,-100.0,1072300,53814240000.0
2026-02-13 13:47:25,50.4,3000,sell,2026-02-13_134725_504000_3000,13/02/2026,DGW,-200.0,1075300,53965440000.0
2026-02-13 13:47:32,50.5,600,buy,2026-02-13_134732_505000_600,13/02/2026,DGW,-100.0,1075900,53995740000.0
2026-02-13 13:47:53,50.5,400,buy,2026-02-13_134753_505000_400,13/02/2026,DGW,-100.0,1076300,54015940000.0
2026-02-13 13:48:14,50.5,900,buy,2026-02-13_134814_505000_900,13/02/2026,DGW,-100.0,1077200,54061390000.0
2026-02-13 13:48:29,50.4,200,sell,2026-02-13_134829_504000_200,13/02/2026,DGW,-200.0,1077400,54071470000.0
2026-02-13 13:48:33,50.5,100,buy,2026-02-13_134833_505000_100,13/02/2026,DGW,-100.0,1077500,54076520000.0
2026-02-13 13:48:34,50.5,100,buy,2026-02-13_134834_505000_100,13/02/2026,DGW,-100.0,1077600,54081570000.0
2026-02-13 13:48:36,50.5,100,buy,2026-02-13_134836_505000_100,13/02/2026,DGW,-100.0,1077700,54086620000.0
2026-02-13 13:48:50,50.4,1000,sell,2026-02-13_134850_504000_1000,13/02/2026,DGW,-200.0,1078700,54137020000.0
2026-02-13 13:49:12,50.4,1500,sell,2026-02-13_134912_504000_1500,13/02/2026,DGW,-200.0,1080200,54212620000.0
2026-02-13 13:49:26,50.4,100,sell,2026-02-13_134926_504000_100,13/02/2026,DGW,-200.0,1080300,54217660000.0
2026-02-13 13:49:36,50.4,1600,sell,2026-02-13_134936_504000_1600,13/02/2026,DGW,-200.0,1081900,54298300000.0
2026-02-13 13:49:58,50.4,1600,sell,2026-02-13_134958_504000_1600,13/02/2026,DGW,-200.0,1083500,54378940000.0
2026-02-13 13:50:23,50.4,1500,sell,2026-02-13_135023_504000_1500,13/02/2026,DGW,-200.0,1085000,54454540000.0
2026-02-13 13:50:24,50.4,100,sell,2026-02-13_135024_504000_100,13/02/2026,DGW,-200.0,1085100,54459580000.0
2026-02-13 13:50:46,50.4,1600,sell,2026-02-13_135046_504000_1600,13/02/2026,DGW,-200.0,1086700,54540220000.0
2026-02-13 13:50:57,50.4,100,sell,2026-02-13_135057_504000_100,13/02/2026,DGW,-200.0,1086800,54545260000.0
2026-02-13 13:51:04,50.4,6000,sell,2026-02-13_135104_504000_6000,13/02/2026,DGW,-200.0,1092800,54847660000.0
2026-02-13 13:51:09,50.4,1600,sell,2026-02-13_135109_504000_1600,13/02/2026,DGW,-200.0,1094400,54928300000.0
2026-02-13 13:51:10,50.4,3000,sell,2026-02-13_135110_504000_3000,13/02/2026,DGW,-200.0,1097400,55079500000.0
2026-02-13 13:51:17,50.4,1000,sell,2026-02-13_135117_504000_1000,13/02/2026,DGW,-200.0,1098400,55129900000.0
2026-02-13 13:51:33,50.4,1600,sell,2026-02-13_135133_504000_1600,13/02/2026,DGW,-200.0,1100000,55210540000.0
2026-02-13 13:51:34,50.4,200,sell,2026-02-13_135134_504000_200,13/02/2026,DGW,-200.0,1100200,55220620000.0
2026-02-13 13:51:46,50.4,500,buy,2026-02-13_135146_504000_500,13/02/2026,DGW,-200.0,1100700,55245820000.0
2026-02-13 13:51:55,50.4,100,buy,2026-02-13_135155_504000_100,13/02/2026,DGW,-200.0,1100800,55250860000.0
2026-02-13 13:52:01,50.4,900,buy,2026-02-13_135201_504000_900,13/02/2026,DGW,-200.0,1101700,55296220000.0
2026-02-13 13:52:04,50.4,1200,buy,2026-02-13_135204_504000_1200,13/02/2026,DGW,-200.0,1102900,55356700000.0
2026-02-13 13:52:34,50.4,1000,buy,2026-02-13_135234_504000_1000,13/02/2026,DGW,-200.0,1103900,55407100000.0
2026-02-13 13:52:52,50.4,200,buy,2026-02-13_135252_504000_200,13/02/2026,DGW,-200.0,1104100,55417180000.0
2026-02-13 13:52:58,50.4,700,buy,2026-02-13_135258_504000_700,13/02/2026,DGW,-200.0,1104800,55452460000.0
2026-02-13 13:53:04,50.4,1600,buy,2026-02-13_135304_504000_1600,13/02/2026,DGW,-200.0,1106600,55543180000.0
2026-02-13 13:53:04,50.4,200,buy,2026-02-13_135304_504000_200,13/02/2026,DGW,-200.0,1105000,55462540000.0
2026-02-13 13:53:05,50.4,3600,buy,2026-02-13_135305_504000_3600,13/02/2026,DGW,-200.0,1110200,55724620000.0
2026-02-13 13:53:06,50.4,500,buy,2026-02-13_135306_504000_500,13/02/2026,DGW,-200.0,1110700,55749820000.0
2026-02-13 13:53:07,50.4,700,buy,2026-02-13_135307_504000_700,13/02/2026,DGW,-200.0,1111400,55785100000.0
2026-02-13 13:53:08,50.4,1300,sell,2026-02-13_135308_504000_1300,13/02/2026,DGW,-200.0,1112700,55850620000.0
2026-02-13 13:53:09,50.4,300,buy,2026-02-13_135309_504000_300,13/02/2026,DGW,-200.0,1113000,55865740000.0
2026-02-13 13:53:17,50.4,2000,sell,2026-02-13_135317_504000_2000,13/02/2026,DGW,-200.0,1115000,55966540000.0
2026-02-13 13:53:18,50.4,100,sell,2026-02-13_135318_504000_100,13/02/2026,DGW,-200.0,1115100,55971580000.0
2026-02-13 13:53:26,50.4,5000,buy,2026-02-13_135326_504000_5000,13/02/2026,DGW,-200.0,1120100,56223580000.0
2026-02-13 13:53:29,50.4,900,buy,2026-02-13_135329_504000_900,13/02/2026,DGW,-200.0,1121000,56268940000.0
2026-02-13 13:53:32,50.4,200,buy,2026-02-13_135332_504000_200,13/02/2026,DGW,-200.0,1121200,56279020000.0
2026-02-13 13:53:34,50.3,100,sell,2026-02-13_135334_503000_100,13/02/2026,DGW,-300.0,1121300,56284050000.0
2026-02-13 13:53:35,50.4,3100,buy,2026-02-13_135335_504000_3100,13/02/2026,DGW,-200.0,1124400,56440290000.0
2026-02-13 13:53:44,50.3,5000,sell,2026-02-13_135344_503000_5000,13/02/2026,DGW,-300.0,1129400,56691790000.0
2026-02-13 13:53:44,50.4,100,buy,2026-02-13_135344_504000_100,13/02/2026,DGW,-200.0,1129500,56696830000.0
2026-02-13 13:53:53,50.3,3600,sell,2026-02-13_135353_503000_3600,13/02/2026,DGW,-300.0,1133100,56877910000.0
2026-02-13 13:53:55,50.3,1500,sell,2026-02-13_135355_503000_1500,13/02/2026,DGW,-300.0,1134600,56953360000.0
2026-02-13 13:54:11,50.3,900,sell,2026-02-13_135411_503000_900,13/02/2026,DGW,-300.0,1135500,56998630000.0
2026-02-13 13:54:14,50.3,100,buy,2026-02-13_135414_503000_100,13/02/2026,DGW,-300.0,1135600,57003660000.0
2026-02-13 13:54:36,50.3,300,buy,2026-02-13_135436_503000_300,13/02/2026,DGW,-300.0,1135900,57018750000.0
2026-02-13 13:54:40,50.3,100,buy,2026-02-13_135440_503000_100,13/02/2026,DGW,-300.0,1136000,57023780000.0
2026-02-13 13:54:44,50.3,3500,buy,2026-02-13_135444_503000_3500,13/02/2026,DGW,-300.0,1139500,57199830000.0
2026-02-13 13:54:46,50.3,900,buy,2026-02-13_135446_503000_900,13/02/2026,DGW,-300.0,1140400,57245100000.0
2026-02-13 13:54:55,50.4,100,buy,2026-02-13_135455_504000_100,13/02/2026,DGW,-200.0,1140500,57250140000.0
2026-02-13 13:55:02,50.4,100,buy,2026-02-13_135502_504000_100,13/02/2026,DGW,-200.0,1140600,57255180000.0
2026-02-13 13:55:14,50.4,1600,buy,2026-02-13_135514_504000_1600,13/02/2026,DGW,-200.0,1142200,57335820000.0
2026-02-13 13:55:16,50.4,200,buy,2026-02-13_135516_504000_200,13/02/2026,DGW,-200.0,1142400,57345900000.0
2026-02-13 13:55:39,50.4,1600,buy,2026-02-13_135539_504000_1600,13/02/2026,DGW,-200.0,1144000,57426540000.0
2026-02-13 13:55:39,50.4,200,buy,2026-02-13_135539_504000_200,13/02/2026,DGW,-200.0,1144200,57436620000.0
2026-02-13 13:55:47,50.4,700,buy,2026-02-13_135547_504000_700,13/02/2026,DGW,-200.0,1144900,57471900000.0
2026-02-13 13:55:52,50.4,100,sell,2026-02-13_135552_504000_100,13/02/2026,DGW,-200.0,1145000,57476940000.0
2026-02-13 13:55:59,50.4,1000,buy,2026-02-13_135559_504000_1000,13/02/2026,DGW,-200.0,1146000,57527340000.0
2026-02-13 13:56:03,50.4,200,buy,2026-02-13_135603_504000_200,13/02/2026,DGW,-200.0,1146200,57537420000.0
2026-02-13 13:56:16,50.4,1500,sell,2026-02-13_135616_504000_1500,13/02/2026,DGW,-200.0,1147700,57613020000.0
2026-02-13 13:56:16,50.5,10000,buy,2026-02-13_135616_505000_10000,13/02/2026,DGW,-100.0,1157700,58118020000.0
2026-02-13 13:56:30,50.5,1600,buy,2026-02-13_135630_505000_1600,13/02/2026,DGW,-100.0,1159300,58198820000.0
2026-02-13 13:56:44,50.5,900,buy,2026-02-13_135644_505000_900,13/02/2026,DGW,-100.0,1160200,58244270000.0
2026-02-13 13:56:50,50.5,500,buy,2026-02-13_135650_505000_500,13/02/2026,DGW,-100.0,1160700,58269520000.0
2026-02-13 13:56:56,50.5,500,sell,2026-02-13_135656_505000_500,13/02/2026,DGW,-100.0,1161200,58294770000.0
2026-02-13 13:57:02,50.5,1200,sell,2026-02-13_135702_505000_1200,13/02/2026,DGW,-100.0,1162400,58355370000.0
2026-02-13 13:57:07,50.5,100,buy,2026-02-13_135707_505000_100,13/02/2026,DGW,-100.0,1162500,58360420000.0
2026-02-13 13:57:25,50.5,1400,sell,2026-02-13_135725_505000_1400,13/02/2026,DGW,-100.0,1163900,58431120000.0
2026-02-13 13:57:31,50.5,1200,sell,2026-02-13_135731_505000_1200,13/02/2026,DGW,-100.0,1165100,58491720000.0
2026-02-13 13:57:39,50.5,400,sell,2026-02-13_135739_505000_400,13/02/2026,DGW,-100.0,1165500,58511920000.0
2026-02-13 13:57:50,50.5,1400,sell,2026-02-13_135750_505000_1400,13/02/2026,DGW,-100.0,1166900,58582620000.0
2026-02-13 13:58:05,50.5,1000,sell,2026-02-13_135805_505000_1000,13/02/2026,DGW,-100.0,1167900,58633120000.0
2026-02-13 13:58:09,50.5,100,sell,2026-02-13_135809_505000_100,13/02/2026,DGW,-100.0,1168000,58638170000.0
2026-02-13 13:58:11,50.6,2000,buy,2026-02-13_135811_506000_2000,13/02/2026,DGW,0.0,1170000,58739370000.0
2026-02-13 13:58:30,50.6,300,buy,2026-02-13_135830_506000_300,13/02/2026,DGW,0.0,1170300,58754550000.0
2026-02-13 13:58:36,50.6,1600,buy,2026-02-13_135836_506000_1600,13/02/2026,DGW,0.0,1171900,58835510000.0
2026-02-13 13:58:37,50.6,900,buy,2026-02-13_135837_506000_900,13/02/2026,DGW,0.0,1172800,58881050000.0
2026-02-13 13:58:50,50.6,600,buy,2026-02-13_135850_506000_600,13/02/2026,DGW,0.0,1173400,58911410000.0
2026-02-13 13:59:01,50.6,1600,buy,2026-02-13_135901_506000_1600,13/02/2026,DGW,0.0,1175000,58992370000.0
2026-02-13 13:59:15,50.6,1800,buy,2026-02-13_135915_506000_1800,13/02/2026,DGW,0.0,1176800,59083450000.0
2026-02-13 13:59:26,50.6,1600,buy,2026-02-13_135926_506000_1600,13/02/2026,DGW,0.0,1178400,59164410000.0
2026-02-13 13:59:34,50.6,800,buy,2026-02-13_135934_506000_800,13/02/2026,DGW,0.0,1179200,59204890000.0
2026-02-13 13:59:41,50.6,500,buy,2026-02-13_135941_506000_500,13/02/2026,DGW,0.0,1179700,59230190000.0
2026-02-13 13:59:41,50.5,1000,sell,2026-02-13_135941_505000_1000,13/02/2026,DGW,-100.0,1180700,59280690000.0
2026-02-13 13:59:48,50.5,1500,sell,2026-02-13_135948_505000_1500,13/02/2026,DGW,-100.0,1182200,59356440000.0
2026-02-13 14:00:11,50.5,1400,sell,2026-02-13_140011_505000_1400,13/02/2026,DGW,-100.0,1183600,59427140000.0
2026-02-13 14:00:29,50.6,400,buy,2026-02-13_140029_506000_400,13/02/2026,DGW,0.0,1184000,59447380000.0
2026-02-13 14:00:30,50.6,800,buy,2026-02-13_140030_506000_800,13/02/2026,DGW,0.0,1184800,59487860000.0
2026-02-13 14:00:37,50.6,500,buy,2026-02-13_140037_506000_500,13/02/2026,DGW,0.0,1185300,59513160000.0
2026-02-13 14:00:41,50.6,1600,buy,2026-02-13_140041_506000_1600,13/02/2026,DGW,0.0,1186900,59594120000.0
2026-02-13 14:01:00,50.6,500,buy,2026-02-13_140100_506000_500,13/02/2026,DGW,0.0,1187400,59619420000.0
2026-02-13 14:01:06,50.6,200,buy,2026-02-13_140106_506000_200,13/02/2026,DGW,0.0,1187600,59629540000.0
2026-02-13 14:01:07,50.6,100,buy,2026-02-13_140107_506000_100,13/02/2026,DGW,0.0,1189300,59715560000.0
2026-02-13 14:01:07,50.6,1600,buy,2026-02-13_140107_506000_1600,13/02/2026,DGW,0.0,1189200,59710500000.0
2026-02-13 14:01:14,50.6,300,buy,2026-02-13_140114_506000_300,13/02/2026,DGW,0.0,1189600,59730740000.0
2026-02-13 14:01:16,50.6,100,buy,2026-02-13_140116_506000_100,13/02/2026,DGW,0.0,1189700,59735800000.0
2026-02-13 14:01:17,50.6,1000,buy,2026-02-13_140117_506000_1000,13/02/2026,DGW,0.0,1190700,59786400000.0
2026-02-13 14:01:18,50.6,200,buy,2026-02-13_140118_506000_200,13/02/2026,DGW,0.0,1190900,59796520000.0
2026-02-13 14:01:19,50.6,500,buy,2026-02-13_140119_506000_500,13/02/2026,DGW,0.0,1191400,59821820000.0
2026-02-13 14:01:27,50.6,900,buy,2026-02-13_140127_506000_900,13/02/2026,DGW,0.0,1192300,59867360000.0
2026-02-13 14:01:27,50.6,5000,buy,2026-02-13_140127_506000_5000,13/02/2026,DGW,0.0,1197300,60120360000.0
2026-02-13 14:01:28,50.6,100,buy,2026-02-13_140128_506000_100,13/02/2026,DGW,0.0,1197400,60125420000.0
2026-02-13 14:01:45,50.6,1400,sell,2026-02-13_140145_506000_1400,13/02/2026,DGW,0.0,1198800,60196260000.0
2026-02-13 14:02:05,50.6,3000,sell,2026-02-13_140205_506000_3000,13/02/2026,DGW,0.0,1201800,60348060000.0
2026-02-13 14:02:08,50.6,1400,sell,2026-02-13_140208_506000_1400,13/02/2026,DGW,0.0,1203200,60418900000.0
2026-02-13 14:02:19,50.6,100,sell,2026-02-13_140219_506000_100,13/02/2026,DGW,0.0,1203300,60423960000.0
2026-02-13 14:02:22,50.6,1600,buy,2026-02-13_140222_506000_1600,13/02/2026,DGW,0.0,1204900,60504920000.0
2026-02-13 14:02:24,50.6,800,buy,2026-02-13_140224_506000_800,13/02/2026,DGW,0.0,1205700,60545400000.0
2026-02-13 14:02:31,50.6,4000,buy,2026-02-13_140231_506000_4000,13/02/2026,DGW,0.0,1209700,60747800000.0
2026-02-13 14:02:38,50.6,1000,buy,2026-02-13_140238_506000_1000,13/02/2026,DGW,0.0,1210700,60798400000.0
2026-02-13 14:02:48,50.6,1600,buy,2026-02-13_140248_506000_1600,13/02/2026,DGW,0.0,1212300,60879360000.0
2026-02-13 14:02:51,50.6,3000,buy,2026-02-13_140251_506000_3000,13/02/2026,DGW,0.0,1215300,61031160000.0
2026-02-13 14:03:03,50.6,100,buy,2026-02-13_140303_506000_100,13/02/2026,DGW,0.0,1215400,61036220000.0
2026-02-13 14:03:12,50.6,100,buy,2026-02-13_140312_506000_100,13/02/2026,DGW,0.0,1216400,61086730000.0
2026-02-13 14:03:12,50.5,900,sell,2026-02-13_140312_505000_900,13/02/2026,DGW,-100.0,1216300,61081670000.0
2026-02-13 14:03:13,50.6,1600,buy,2026-02-13_140313_506000_1600,13/02/2026,DGW,0.0,1218000,61167690000.0
2026-02-13 14:03:14,50.5,2300,sell,2026-02-13_140314_505000_2300,13/02/2026,DGW,-100.0,1220300,61283840000.0
2026-02-13 14:03:17,50.6,500,buy,2026-02-13_140317_506000_500,13/02/2026,DGW,0.0,1220800,61309140000.0
2026-02-13 14:03:20,50.6,800,buy,2026-02-13_140320_506000_800,13/02/2026,DGW,0.0,1221600,61349620000.0
2026-02-13 14:03:26,50.5,5000,sell,2026-02-13_140326_505000_5000,13/02/2026,DGW,-100.0,1226600,61602120000.0
2026-02-13 14:03:30,50.5,4500,sell,2026-02-13_140330_505000_4500,13/02/2026,DGW,-100.0,1231100,61829370000.0
2026-02-13 14:03:34,50.6,3900,buy,2026-02-13_140334_506000_3900,13/02/2026,DGW,0.0,1236500,62102460000.0
2026-02-13 14:03:34,50.5,1500,buy,2026-02-13_140334_505000_1500,13/02/2026,DGW,-100.0,1232600,61905120000.0
2026-02-13 14:03:38,50.6,1600,buy,2026-02-13_140338_506000_1600,13/02/2026,DGW,0.0,1238100,62183420000.0
2026-02-13 14:03:54,50.5,100,buy,2026-02-13_140354_505000_100,13/02/2026,DGW,-100.0,1238200,62188470000.0
2026-02-13 14:03:58,50.6,100,buy,2026-02-13_140358_506000_100,13/02/2026,DGW,0.0,1238300,62193530000.0
2026-02-13 14:04:01,50.6,1000,buy,2026-02-13_140401_506000_1000,13/02/2026,DGW,0.0,1239300,62244130000.0
2026-02-13 14:04:03,50.6,1600,buy,2026-02-13_140403_506000_1600,13/02/2026,DGW,0.0,1240900,62325090000.0
2026-02-13 14:04:17,50.6,900,buy,2026-02-13_140417_506000_900,13/02/2026,DGW,0.0,1241800,62370630000.0
2026-02-13 14:04:28,50.6,1600,buy,2026-02-13_140428_506000_1600,13/02/2026,DGW,0.0,1243400,62451590000.0
2026-02-13 14:04:46,50.5,100,sell,2026-02-13_140446_505000_100,13/02/2026,DGW,-100.0,1243500,62456640000.0
2026-02-13 14:04:47,50.5,3500,sell,2026-02-13_140447_505000_3500,13/02/2026,DGW,-100.0,1247000,62633390000.0
2026-02-13 14:04:50,50.6,500,buy,2026-02-13_140450_506000_500,13/02/2026,DGW,0.0,1247500,62658690000.0
2026-02-13 14:04:54,50.6,1600,buy,2026-02-13_140454_506000_1600,13/02/2026,DGW,0.0,1249100,62739650000.0
2026-02-13 14:05:12,50.6,800,buy,2026-02-13_140512_506000_800,13/02/2026,DGW,0.0,1249900,62780130000.0
2026-02-13 14:05:18,50.6,1600,buy,2026-02-13_140518_506000_1600,13/02/2026,DGW,0.0,1251500,62861090000.0
2026-02-13 14:05:25,50.5,2000,sell,2026-02-13_140525_505000_2000,13/02/2026,DGW,-100.0,1253500,62962090000.0
2026-02-13 14:05:29,50.6,5600,buy,2026-02-13_140529_506000_5600,13/02/2026,DGW,0.0,1259100,63245450000.0
2026-02-13 14:05:44,50.6,1600,buy,2026-02-13_140544_506000_1600,13/02/2026,DGW,0.0,1260700,63326410000.0
2026-02-13 14:05:48,50.5,400,sell,2026-02-13_140548_505000_400,13/02/2026,DGW,-100.0,1261100,63346610000.0
2026-02-13 14:05:53,50.5,500,sell,2026-02-13_140553_505000_500,13/02/2026,DGW,-100.0,1261600,63371860000.0
2026-02-13 14:05:55,50.5,1000,sell,2026-02-13_140555_505000_1000,13/02/2026,DGW,-100.0,1262600,63422360000.0
2026-02-13 14:06:04,50.5,1200,sell,2026-02-13_140604_505000_1200,13/02/2026,DGW,-100.0,1263800,63482960000.0
2026-02-13 14:06:27,50.5,1200,sell,2026-02-13_140627_505000_1200,13/02/2026,DGW,-100.0,1265000,63543560000.0
2026-02-13 14:06:27,50.6,400,buy,2026-02-13_140627_506000_400,13/02/2026,DGW,0.0,1265400,63563800000.0
2026-02-13 14:06:34,50.6,1600,buy,2026-02-13_140634_506000_1600,13/02/2026,DGW,0.0,1267000,63644760000.0
2026-02-13 14:07:00,50.6,1600,buy,2026-02-13_140700_506000_1600,13/02/2026,DGW,0.0,1268600,63725720000.0
2026-02-13 14:07:06,50.6,900,buy,2026-02-13_140706_506000_900,13/02/2026,DGW,0.0,1269500,63771260000.0
2026-02-13 14:07:10,50.5,1000,sell,2026-02-13_140710_505000_1000,13/02/2026,DGW,-100.0,1270500,63821760000.0
2026-02-13 14:07:13,50.5,1200,sell,2026-02-13_140713_505000_1200,13/02/2026,DGW,-100.0,1271700,63882360000.0
2026-02-13 14:07:26,50.5,600,sell,2026-02-13_140726_505000_600,13/02/2026,DGW,-100.0,1272300,63912660000.0
2026-02-13 14:07:29,50.6,500,buy,2026-02-13_140729_506000_500,13/02/2026,DGW,0.0,1272800,63937960000.0
2026-02-13 14:07:47,50.5,200,sell,2026-02-13_140747_505000_200,13/02/2026,DGW,-100.0,1273000,63948060000.0
2026-02-13 14:08:01,50.5,12800,sell,2026-02-13_140801_505000_12800,13/02/2026,DGW,-100.0,1287000,64655060000.0
2026-02-13 14:08:01,50.5,1200,sell,2026-02-13_140801_505000_1200,13/02/2026,DGW,-100.0,1274200,64008660000.0
2026-02-13 14:08:03,50.6,200,buy,2026-02-13_140803_506000_200,13/02/2026,DGW,0.0,1287200,64665180000.0
2026-02-13 14:08:12,50.5,100,sell,2026-02-13_140812_505000_100,13/02/2026,DGW,-100.0,1287300,64670230000.0
2026-02-13 14:08:13,50.5,2000,sell,2026-02-13_140813_505000_2000,13/02/2026,DGW,-100.0,1289300,64771230000.0
2026-02-13 14:08:13,50.5,10400,sell,2026-02-13_140813_505000_10400,13/02/2026,DGW,-100.0,1299700,65296430000.0
2026-02-13 14:08:18,50.5,1500,sell,2026-02-13_140818_505000_1500,13/02/2026,DGW,-100.0,1301200,65372180000.0
2026-02-13 14:08:27,50.5,2100,buy,2026-02-13_140827_505000_2100,13/02/2026,DGW,-100.0,1303300,65478230000.0
2026-02-13 14:08:31,50.5,200,buy,2026-02-13_140831_505000_200,13/02/2026,DGW,-100.0,1303500,65488330000.0
2026-02-13 14:08:36,50.5,900,buy,2026-02-13_140836_505000_900,13/02/2026,DGW,-100.0,1304400,65533780000.0
2026-02-13 14:08:39,50.4,100,sell,2026-02-13_140839_504000_100,13/02/2026,DGW,-200.0,1304500,65538820000.0
2026-02-13 14:08:48,50.4,1100,sell,2026-02-13_140848_504000_1100,13/02/2026,DGW,-200.0,1305600,65594260000.0
2026-02-13 14:08:54,50.4,1300,sell,2026-02-13_140854_504000_1300,13/02/2026,DGW,-200.0,1306900,65659780000.0
2026-02-13 14:09:12,50.4,1300,sell,2026-02-13_140912_504000_1300,13/02/2026,DGW,-200.0,1308200,65725300000.0
2026-02-13 14:09:21,50.4,2800,sell,2026-02-13_140921_504000_2800,13/02/2026,DGW,-200.0,1311000,65866420000.0
2026-02-13 14:09:34,50.4,3000,sell,2026-02-13_140934_504000_3000,13/02/2026,DGW,-200.0,1314000,66017620000.0
2026-02-13 14:09:35,50.4,1100,sell,2026-02-13_140935_504000_1100,13/02/2026,DGW,-200.0,1315100,66073060000.0
2026-02-13 14:09:39,50.4,600,sell,2026-02-13_140939_504000_600,13/02/2026,DGW,-200.0,1315700,66103300000.0
2026-02-13 14:09:43,50.4,1000,sell,2026-02-13_140943_504000_1000,13/02/2026,DGW,-200.0,1316700,66153700000.0
2026-02-13 14:09:47,50.4,100,sell,2026-02-13_140947_504000_100,13/02/2026,DGW,-200.0,1316800,66158740000.0
2026-02-13 14:09:48,50.4,1500,sell,2026-02-13_140948_504000_1500,13/02/2026,DGW,-200.0,1318300,66234340000.0
2026-02-13 14:09:49,50.5,500,buy,2026-02-13_140949_505000_500,13/02/2026,DGW,-100.0,1320300,66335190000.0
2026-02-13 14:09:49,50.4,1500,buy,2026-02-13_140949_504000_1500,13/02/2026,DGW,-200.0,1319800,66309940000.0
2026-02-13 14:09:55,50.5,100,buy,2026-02-13_140955_505000_100,13/02/2026,DGW,-100.0,1320800,66360400000.0
2026-02-13 14:09:55,50.4,400,buy,2026-02-13_140955_504000_400,13/02/2026,DGW,-200.0,1320700,66355350000.0
2026-02-13 14:09:55,50.5,300,buy,2026-02-13_140955_505000_300,13/02/2026,DGW,-100.0,1321100,66375550000.0
2026-02-13 14:09:55,50.5,1500,buy,2026-02-13_140955_505000_1500,13/02/2026,DGW,-100.0,1322600,66451300000.0
2026-02-13 14:10:18,50.4,900,buy,2026-02-13_141018_504000_900,13/02/2026,DGW,-200.0,1323500,66496660000.0
