time,price,volume,match_type,id,trading_date,symbol,price_change,accumulated_volume,accumulated_value
2026-02-24 09:15:07,171.0,400,ato,2026-02-24_091507_1710000_400,24/02/2026,FRT,-900.0,400,68400000.0
2026-02-24 09:15:17,171.9,100,buy,2026-02-24_091517_1719000_100,24/02/2026,FRT,0.0,500,85590000.0
2026-02-24 09:15:18,171.9,100,buy,2026-02-24_091518_1719000_100,24/02/2026,FRT,0.0,600,102780000.0
2026-02-24 09:15:18,171.0,400,sell,2026-02-24_091518_1710000_400,24/02/2026,FRT,-900.0,1000,171180000.0
2026-02-24 09:17:05,170.1,500,sell,2026-02-24_091705_1701000_500,24/02/2026,FRT,-1800.0,1500,256230000.0
2026-02-24 09:18:07,170.1,200,sell,2026-02-24_091807_1701000_200,24/02/2026,FRT,-1800.0,1900,324290000.0
2026-02-24 09:18:07,170.2,200,sell,2026-02-24_091807_1702000_200,24/02/2026,FRT,-1700.0,1700,290270000.0
2026-02-24 09:18:23,170.1,700,sell,2026-02-24_091823_1701000_700,24/02/2026,FRT,-1800.0,2600,443360000.0
2026-02-24 09:18:28,170.1,200,buy,2026-02-24_091828_1701000_200,24/02/2026,FRT,-1800.0,2800,477380000.0
2026-02-24 09:18:51,170.1,300,buy,2026-02-24_091851_1701000_300,24/02/2026,FRT,-1800.0,3100,528410000.0
2026-02-24 09:18:54,170.1,100,buy,2026-02-24_091854_1701000_100,24/02/2026,FRT,-1800.0,3200,545420000.0
2026-02-24 09:19:44,170.1,100,sell,2026-02-24_091944_1701000_100,24/02/2026,FRT,-1800.0,3300,562430000.0
2026-02-24 09:20:08,170.1,500,sell,2026-02-24_092008_1701000_500,24/02/2026,FRT,-1800.0,3800,647480000.0
2026-02-24 09:22:52,170.6,200,buy,2026-02-24_092252_1706000_200,24/02/2026,FRT,-1300.0,4000,681600000.0
2026-02-24 09:22:59,171.6,100,buy,2026-02-24_092259_1716000_100,24/02/2026,FRT,-300.0,4100,698760000.0
2026-02-24 09:25:55,171.5,300,buy,2026-02-24_092555_1715000_300,24/02/2026,FRT,-400.0,4400,750210000.0
2026-02-24 09:26:35,171.4,100,buy,2026-02-24_092635_1714000_100,24/02/2026,FRT,-500.0,4500,767350000.0
2026-02-24 09:26:43,170.3,1400,sell,2026-02-24_092643_1703000_1400,24/02/2026,FRT,-1600.0,6400,1090970000.0
2026-02-24 09:26:43,170.4,500,sell,2026-02-24_092643_1704000_500,24/02/2026,FRT,-1500.0,5000,852550000.0
2026-02-24 09:26:54,171.2,100,buy,2026-02-24_092654_1712000_100,24/02/2026,FRT,-700.0,6500,1108090000.0
2026-02-24 09:28:32,170.9,200,buy,2026-02-24_092832_1709000_200,24/02/2026,FRT,-1000.0,6700,1142270000.0
2026-02-24 09:29:08,170.3,700,sell,2026-02-24_092908_1703000_700,24/02/2026,FRT,-1600.0,7400,1261480000.0
2026-02-24 09:30:07,170.3,100,sell,2026-02-24_093007_1703000_100,24/02/2026,FRT,-1600.0,7500,1278510000.0
2026-02-24 09:30:33,170.3,700,sell,2026-02-24_093033_1703000_700,24/02/2026,FRT,-1600.0,8200,1397720000.0
2026-02-24 09:30:33,170.2,1300,sell,2026-02-24_093033_1702000_1300,24/02/2026,FRT,-1700.0,9500,1618980000.0
2026-02-24 09:30:47,170.1,100,sell,2026-02-24_093047_1701000_100,24/02/2026,FRT,-1800.0,9600,1635990000.0
2026-02-24 09:31:15,170.1,100,sell,2026-02-24_093115_1701000_100,24/02/2026,FRT,-1800.0,9700,1653000000.0
2026-02-24 09:31:22,170.3,100,sell,2026-02-24_093122_1703000_100,24/02/2026,FRT,-1600.0,9800,1670030000.0
2026-02-24 09:32:40,170.3,100,sell,2026-02-24_093240_1703000_100,24/02/2026,FRT,-1600.0,9900,1687060000.0
2026-02-24 09:33:00,170.3,100,sell,2026-02-24_093300_1703000_100,24/02/2026,FRT,-1600.0,10000,1704090000.0
2026-02-24 09:35:02,170.3,500,sell,2026-02-24_093502_1703000_500,24/02/2026,FRT,-1600.0,10500,1789240000.0
2026-02-24 09:35:09,170.2,100,sell,2026-02-24_093509_1702000_100,24/02/2026,FRT,-1700.0,10600,1806260000.0
2026-02-24 09:35:42,170.3,100,buy,2026-02-24_093542_1703000_100,24/02/2026,FRT,-1600.0,10700,1823290000.0
2026-02-24 09:35:57,170.2,300,sell,2026-02-24_093557_1702000_300,24/02/2026,FRT,-1700.0,11000,1874350000.0
2026-02-24 09:36:04,170.2,100,sell,2026-02-24_093604_1702000_100,24/02/2026,FRT,-1700.0,11100,1891370000.0
2026-02-24 09:37:58,170.2,600,sell,2026-02-24_093758_1702000_600,24/02/2026,FRT,-1700.0,11700,1993490000.0
2026-02-24 09:39:32,170.2,500,buy,2026-02-24_093932_1702000_500,24/02/2026,FRT,-1700.0,12200,2078590000.0
2026-02-24 09:40:17,170.2,500,sell,2026-02-24_094017_1702000_500,24/02/2026,FRT,-1700.0,12700,2163690000.0
2026-02-24 09:41:15,170.3,100,buy,2026-02-24_094115_1703000_100,24/02/2026,FRT,-1600.0,12800,2180720000.0
2026-02-24 09:41:23,170.2,100,sell,2026-02-24_094123_1702000_100,24/02/2026,FRT,-1700.0,12900,2197740000.0
2026-02-24 09:42:52,170.2,100,sell,2026-02-24_094252_1702000_100,24/02/2026,FRT,-1700.0,13000,2214760000.0
2026-02-24 09:43:07,170.3,100,buy,2026-02-24_094307_1703000_100,24/02/2026,FRT,-1600.0,13100,2231790000.0
2026-02-24 09:43:36,170.3,100,sell,2026-02-24_094336_1703000_100,24/02/2026,FRT,-1600.0,13200,2248820000.0
2026-02-24 09:44:29,170.3,700,sell,2026-02-24_094429_1703000_700,24/02/2026,FRT,-1600.0,13900,2368030000.0
2026-02-24 09:44:40,170.2,200,sell,2026-02-24_094440_1702000_200,24/02/2026,FRT,-1700.0,14100,2402070000.0
2026-02-24 09:44:46,170.2,100,sell,2026-02-24_094446_1702000_100,24/02/2026,FRT,-1700.0,14200,2419090000.0
2026-02-24 09:44:46,170.2,1100,sell,2026-02-24_094446_1702000_1100,24/02/2026,FRT,-1700.0,15300,2606310000.0
2026-02-24 09:45:01,170.0,2800,sell,2026-02-24_094501_1700000_2800,24/02/2026,FRT,-1900.0,20900,3558590000.0
2026-02-24 09:45:01,170.1,2800,sell,2026-02-24_094501_1701000_2800,24/02/2026,FRT,-1800.0,18100,3082590000.0
2026-02-24 09:46:53,169.6,300,sell,2026-02-24_094653_1696000_300,24/02/2026,FRT,-2300.0,21200,3609470000.0
2026-02-24 09:47:00,170.0,200,buy,2026-02-24_094700_1700000_200,24/02/2026,FRT,-1900.0,21400,3643470000.0
2026-02-24 09:48:35,170.0,700,sell,2026-02-24_094835_1700000_700,24/02/2026,FRT,-1900.0,22100,3762470000.0
2026-02-24 09:48:42,170.0,700,sell,2026-02-24_094842_1700000_700,24/02/2026,FRT,-1900.0,22800,3881470000.0
2026-02-24 09:50:08,170.0,500,sell,2026-02-24_095008_1700000_500,24/02/2026,FRT,-1900.0,23300,3966470000.0
2026-02-24 09:50:16,170.0,200,sell,2026-02-24_095016_1700000_200,24/02/2026,FRT,-1900.0,23500,4000470000.0
2026-02-24 09:50:35,169.7,500,sell,2026-02-24_095035_1697000_500,24/02/2026,FRT,-2200.0,24000,4085320000.0
2026-02-24 09:50:48,169.7,500,buy,2026-02-24_095048_1697000_500,24/02/2026,FRT,-2200.0,24500,4170170000.0
2026-02-24 09:51:00,169.7,600,sell,2026-02-24_095100_1697000_600,24/02/2026,FRT,-2200.0,25100,4271990000.0
2026-02-24 09:51:06,169.7,1000,sell,2026-02-24_095106_1697000_1000,24/02/2026,FRT,-2200.0,26100,4441690000.0
2026-02-24 09:51:17,169.7,500,sell,2026-02-24_095117_1697000_500,24/02/2026,FRT,-2200.0,26600,4526540000.0
2026-02-24 09:51:17,169.6,4500,sell,2026-02-24_095117_1696000_4500,24/02/2026,FRT,-2300.0,31100,5289740000.0
2026-02-24 09:51:36,170.0,200,sell,2026-02-24_095136_1700000_200,24/02/2026,FRT,-1900.0,31300,5323740000.0
2026-02-24 09:51:49,169.6,1800,sell,2026-02-24_095149_1696000_1800,24/02/2026,FRT,-2300.0,33100,5629020000.0
2026-02-24 09:51:57,169.6,400,sell,2026-02-24_095157_1696000_400,24/02/2026,FRT,-2300.0,33500,5696860000.0
2026-02-24 09:52:37,169.6,300,sell,2026-02-24_095237_1696000_300,24/02/2026,FRT,-2300.0,33800,5747740000.0
2026-02-24 09:53:45,169.7,100,buy,2026-02-24_095345_1697000_100,24/02/2026,FRT,-2200.0,33900,5764710000.0
2026-02-24 09:53:47,169.7,5000,buy,2026-02-24_095347_1697000_5000,24/02/2026,FRT,-2200.0,38900,6613210000.0
2026-02-24 09:53:59,169.7,100,buy,2026-02-24_095359_1697000_100,24/02/2026,FRT,-2200.0,39000,6630180000.0
2026-02-24 09:54:12,169.7,100,buy,2026-02-24_095412_1697000_100,24/02/2026,FRT,-2200.0,39100,6647150000.0
2026-02-24 09:54:15,169.7,1200,buy,2026-02-24_095415_1697000_1200,24/02/2026,FRT,-2200.0,40300,6850790000.0
2026-02-24 09:54:30,169.7,500,buy,2026-02-24_095430_1697000_500,24/02/2026,FRT,-2200.0,40800,6935640000.0
2026-02-24 09:55:58,169.7,400,sell,2026-02-24_095558_1697000_400,24/02/2026,FRT,-2200.0,41200,7003520000.0
2026-02-24 09:56:56,169.6,100,sell,2026-02-24_095656_1696000_100,24/02/2026,FRT,-2300.0,41300,7020480000.0
2026-02-24 09:58:53,169.6,600,sell,2026-02-24_095853_1696000_600,24/02/2026,FRT,-2300.0,41900,7122240000.0
2026-02-24 09:58:53,169.6,2900,sell,2026-02-24_095853_1696000_2900,24/02/2026,FRT,-2300.0,44800,7614080000.0
2026-02-24 09:59:44,169.6,100,sell,2026-02-24_095944_1696000_100,24/02/2026,FRT,-2300.0,44900,7631040000.0
2026-02-24 10:00:56,169.6,500,sell,2026-02-24_100056_1696000_500,24/02/2026,FRT,-2300.0,45400,7715840000.0
2026-02-24 10:01:20,169.5,100,sell,2026-02-24_100120_1695000_100,24/02/2026,FRT,-2400.0,45500,7732790000.0
2026-02-24 10:01:26,169.6,100,buy,2026-02-24_100126_1696000_100,24/02/2026,FRT,-2300.0,45600,7749750000.0
2026-02-24 10:02:13,169.6,100,buy,2026-02-24_100213_1696000_100,24/02/2026,FRT,-2300.0,45700,7766710000.0
2026-02-24 10:03:37,169.5,700,sell,2026-02-24_100337_1695000_700,24/02/2026,FRT,-2400.0,46400,7885360000.0
2026-02-24 10:04:37,169.7,100,buy,2026-02-24_100437_1697000_100,24/02/2026,FRT,-2200.0,46500,7902330000.0
2026-02-24 10:04:47,169.6,1100,sell,2026-02-24_100447_1696000_1100,24/02/2026,FRT,-2300.0,47600,8088890000.0
2026-02-24 10:04:54,169.5,2800,sell,2026-02-24_100454_1695000_2800,24/02/2026,FRT,-2400.0,52700,8953340000.0
2026-02-24 10:04:54,169.5,2300,sell,2026-02-24_100454_1695000_2300,24/02/2026,FRT,-2400.0,49900,8478740000.0
2026-02-24 10:04:59,169.5,2700,sell,2026-02-24_100459_1695000_2700,24/02/2026,FRT,-2400.0,55400,9410990000.0
2026-02-24 10:05:31,169.4,1800,sell,2026-02-24_100531_1694000_1800,24/02/2026,FRT,-2500.0,57200,9715910000.0
2026-02-24 10:05:44,169.4,100,buy,2026-02-24_100544_1694000_100,24/02/2026,FRT,-2500.0,57300,9732850000.0
2026-02-24 10:05:48,169.4,200,buy,2026-02-24_100548_1694000_200,24/02/2026,FRT,-2500.0,57500,9766730000.0
2026-02-24 10:06:20,169.4,200,buy,2026-02-24_100620_1694000_200,24/02/2026,FRT,-2500.0,57700,9800610000.0
2026-02-24 10:06:20,169.4,1700,buy,2026-02-24_100620_1694000_1700,24/02/2026,FRT,-2500.0,59400,10088590000.0
2026-02-24 10:06:27,169.4,200,sell,2026-02-24_100627_1694000_200,24/02/2026,FRT,-2500.0,59600,10122470000.0
2026-02-24 10:06:37,169.3,500,sell,2026-02-24_100637_1693000_500,24/02/2026,FRT,-2600.0,60100,10207120000.0
2026-02-24 10:06:58,169.4,100,sell,2026-02-24_100658_1694000_100,24/02/2026,FRT,-2500.0,60200,10224060000.0
2026-02-24 10:07:03,169.3,1000,sell,2026-02-24_100703_1693000_1000,24/02/2026,FRT,-2600.0,61200,10393360000.0
2026-02-24 10:07:29,169.3,3400,sell,2026-02-24_100729_1693000_3400,24/02/2026,FRT,-2600.0,64600,10968980000.0
2026-02-24 10:07:31,169.3,100,buy,2026-02-24_100731_1693000_100,24/02/2026,FRT,-2600.0,64700,10985910000.0
2026-02-24 10:07:38,169.2,1900,sell,2026-02-24_100738_1692000_1900,24/02/2026,FRT,-2700.0,66600,11307390000.0
2026-02-24 10:07:58,169.2,100,buy,2026-02-24_100758_1692000_100,24/02/2026,FRT,-2700.0,66700,11324310000.0
2026-02-24 10:08:41,169.2,200,buy,2026-02-24_100841_1692000_200,24/02/2026,FRT,-2700.0,66900,11358150000.0
2026-02-24 10:09:00,169.1,100,sell,2026-02-24_100900_1691000_100,24/02/2026,FRT,-2800.0,67000,11375060000.0
2026-02-24 10:09:00,169.2,100,buy,2026-02-24_100900_1692000_100,24/02/2026,FRT,-2700.0,67100,11391980000.0
2026-02-24 10:09:14,169.2,200,buy,2026-02-24_100914_1692000_200,24/02/2026,FRT,-2700.0,67300,11425820000.0
2026-02-24 10:09:18,169.2,100,buy,2026-02-24_100918_1692000_100,24/02/2026,FRT,-2700.0,67400,11442740000.0
2026-02-24 10:09:28,169.1,200,sell,2026-02-24_100928_1691000_200,24/02/2026,FRT,-2800.0,67600,11476560000.0
2026-02-24 10:10:13,169.1,3400,sell,2026-02-24_101013_1691000_3400,24/02/2026,FRT,-2800.0,71000,12051500000.0
2026-02-24 10:10:59,169.1,300,buy,2026-02-24_101059_1691000_300,24/02/2026,FRT,-2800.0,71300,12102230000.0
2026-02-24 10:11:00,169.1,1500,sell,2026-02-24_101100_1691000_1500,24/02/2026,FRT,-2800.0,72800,12355880000.0
2026-02-24 10:11:00,169.0,500,sell,2026-02-24_101100_1690000_500,24/02/2026,FRT,-2900.0,73300,12440380000.0
2026-02-24 10:11:31,169.0,300,sell,2026-02-24_101131_1690000_300,24/02/2026,FRT,-2900.0,73600,12491080000.0
2026-02-24 10:11:43,169.0,300,sell,2026-02-24_101143_1690000_300,24/02/2026,FRT,-2900.0,73900,12541780000.0
2026-02-24 10:11:43,169.0,1400,sell,2026-02-24_101143_1690000_1400,24/02/2026,FRT,-2900.0,75300,12778380000.0
2026-02-24 10:12:40,169.0,2600,sell,2026-02-24_101240_1690000_2600,24/02/2026,FRT,-2900.0,78400,13302280000.0
2026-02-24 10:12:40,169.0,500,sell,2026-02-24_101240_1690000_500,24/02/2026,FRT,-2900.0,75800,12862880000.0
2026-02-24 10:13:08,169.0,200,buy,2026-02-24_101308_1690000_200,24/02/2026,FRT,-2900.0,78600,13336080000.0
2026-02-24 10:13:25,168.9,700,sell,2026-02-24_101325_1689000_700,24/02/2026,FRT,-3000.0,79300,13454310000.0
2026-02-24 10:13:30,168.9,200,buy,2026-02-24_101330_1689000_200,24/02/2026,FRT,-3000.0,79500,13488090000.0
2026-02-24 10:13:42,168.9,100,buy,2026-02-24_101342_1689000_100,24/02/2026,FRT,-3000.0,79600,13504980000.0
2026-02-24 10:13:53,168.8,100,sell,2026-02-24_101353_1688000_100,24/02/2026,FRT,-3100.0,79700,13521860000.0
2026-02-24 10:13:54,168.9,100,buy,2026-02-24_101354_1689000_100,24/02/2026,FRT,-3000.0,79800,13538750000.0
2026-02-24 10:13:54,168.8,400,sell,2026-02-24_101354_1688000_400,24/02/2026,FRT,-3100.0,80200,13606270000.0
2026-02-24 10:13:56,168.8,100,buy,2026-02-24_101356_1688000_100,24/02/2026,FRT,-3100.0,80300,13623150000.0
2026-02-24 10:14:12,168.7,200,sell,2026-02-24_101412_1687000_200,24/02/2026,FRT,-3200.0,80500,13656890000.0
2026-02-24 10:14:23,168.6,300,sell,2026-02-24_101423_1686000_300,24/02/2026,FRT,-3300.0,80800,13707470000.0
2026-02-24 10:14:32,168.6,100,sell,2026-02-24_101432_1686000_100,24/02/2026,FRT,-3300.0,80900,13724330000.0
2026-02-24 10:14:36,168.6,1300,sell,2026-02-24_101436_1686000_1300,24/02/2026,FRT,-3300.0,82200,13943510000.0
2026-02-24 10:15:14,169.0,100,buy,2026-02-24_101514_1690000_100,24/02/2026,FRT,-2900.0,82800,14044860000.0
2026-02-24 10:15:14,168.9,500,buy,2026-02-24_101514_1689000_500,24/02/2026,FRT,-3000.0,82700,14027960000.0
2026-02-24 10:16:03,169.0,100,sell,2026-02-24_101603_1690000_100,24/02/2026,FRT,-2900.0,82900,14061760000.0
2026-02-24 10:16:05,169.2,400,buy,2026-02-24_101605_1692000_400,24/02/2026,FRT,-2700.0,83300,14129440000.0
2026-02-24 10:16:33,169.7,1400,buy,2026-02-24_101633_1697000_1400,24/02/2026,FRT,-2200.0,84700,14367020000.0
2026-02-24 10:16:49,169.7,500,buy,2026-02-24_101649_1697000_500,24/02/2026,FRT,-2200.0,85200,14451870000.0
2026-02-24 10:16:52,169.2,200,sell,2026-02-24_101652_1692000_200,24/02/2026,FRT,-2700.0,85400,14485710000.0
2026-02-24 10:16:54,169.2,300,buy,2026-02-24_101654_1692000_300,24/02/2026,FRT,-2700.0,85700,14536470000.0
2026-02-24 10:17:02,169.2,100,sell,2026-02-24_101702_1692000_100,24/02/2026,FRT,-2700.0,85800,14553390000.0
2026-02-24 10:18:25,169.9,1000,buy,2026-02-24_101825_1699000_1000,24/02/2026,FRT,-2000.0,86800,14723290000.0
2026-02-24 10:19:06,169.8,100,buy,2026-02-24_101906_1698000_100,24/02/2026,FRT,-2100.0,86900,14740270000.0
2026-02-24 10:19:25,170.0,500,buy,2026-02-24_101925_1700000_500,24/02/2026,FRT,-1900.0,88300,14978090000.0
2026-02-24 10:19:25,169.8,900,buy,2026-02-24_101925_1698000_900,24/02/2026,FRT,-2100.0,87800,14893090000.0
2026-02-24 10:20:12,169.7,300,sell,2026-02-24_102012_1697000_300,24/02/2026,FRT,-2200.0,88600,15029000000.0
2026-02-24 10:20:12,169.5,100,sell,2026-02-24_102012_1695000_100,24/02/2026,FRT,-2400.0,88700,15045950000.0
2026-02-24 10:21:17,170.0,800,buy,2026-02-24_102117_1700000_800,24/02/2026,FRT,-1900.0,90700,15385830000.0
2026-02-24 10:21:17,169.9,1200,buy,2026-02-24_102117_1699000_1200,24/02/2026,FRT,-2000.0,89900,15249830000.0
2026-02-24 10:22:42,169.9,200,buy,2026-02-24_102242_1699000_200,24/02/2026,FRT,-2000.0,90900,15419810000.0
2026-02-24 10:24:20,169.5,400,sell,2026-02-24_102420_1695000_400,24/02/2026,FRT,-2400.0,91300,15487610000.0
2026-02-24 10:24:20,169.5,200,sell,2026-02-24_102420_1695000_200,24/02/2026,FRT,-2400.0,91500,15521510000.0
2026-02-24 10:25:49,169.5,100,sell,2026-02-24_102549_1695000_100,24/02/2026,FRT,-2400.0,91600,15538460000.0
2026-02-24 10:25:50,169.5,2400,sell,2026-02-24_102550_1695000_2400,24/02/2026,FRT,-2400.0,94000,15945260000.0
2026-02-24 10:25:53,169.0,1200,sell,2026-02-24_102553_1690000_1200,24/02/2026,FRT,-2900.0,98100,16638830000.0
2026-02-24 10:25:53,169.2,700,sell,2026-02-24_102553_1692000_700,24/02/2026,FRT,-2700.0,95700,16233110000.0
2026-02-24 10:25:53,169.1,1200,sell,2026-02-24_102553_1691000_1200,24/02/2026,FRT,-2800.0,96900,16436030000.0
2026-02-24 10:25:53,169.5,500,sell,2026-02-24_102553_1695000_500,24/02/2026,FRT,-2400.0,94500,16030010000.0
2026-02-24 10:25:53,169.4,100,sell,2026-02-24_102553_1694000_100,24/02/2026,FRT,-2500.0,94600,16046950000.0
2026-02-24 10:25:53,169.3,400,sell,2026-02-24_102553_1693000_400,24/02/2026,FRT,-2600.0,95000,16114670000.0
2026-02-24 10:27:07,169.1,700,sell,2026-02-24_102707_1691000_700,24/02/2026,FRT,-2800.0,98800,16757200000.0
2026-02-24 10:27:07,169.0,1300,sell,2026-02-24_102707_1690000_1300,24/02/2026,FRT,-2900.0,100100,16976900000.0
2026-02-24 10:27:14,169.4,300,buy,2026-02-24_102714_1694000_300,24/02/2026,FRT,-2500.0,100400,17027720000.0
2026-02-24 10:27:30,169.4,200,buy,2026-02-24_102730_1694000_200,24/02/2026,FRT,-2500.0,100600,17061600000.0
2026-02-24 10:28:42,169.0,1000,sell,2026-02-24_102842_1690000_1000,24/02/2026,FRT,-2900.0,101600,17230600000.0
2026-02-24 10:28:42,169.0,200,sell,2026-02-24_102842_1690000_200,24/02/2026,FRT,-2900.0,101800,17264400000.0
2026-02-24 10:30:21,169.0,300,sell,2026-02-24_103021_1690000_300,24/02/2026,FRT,-2900.0,102100,17315100000.0
2026-02-24 10:30:21,169.0,800,sell,2026-02-24_103021_1690000_800,24/02/2026,FRT,-2900.0,102900,17450300000.0
2026-02-24 10:32:58,169.0,100,sell,2026-02-24_103258_1690000_100,24/02/2026,FRT,-2900.0,103000,17467200000.0
2026-02-24 10:32:59,168.9,1000,sell,2026-02-24_103259_1689000_1000,24/02/2026,FRT,-3000.0,104000,17636100000.0
2026-02-24 10:33:46,169.0,500,sell,2026-02-24_103346_1690000_500,24/02/2026,FRT,-2900.0,104500,17720600000.0
2026-02-24 10:33:46,168.9,1100,sell,2026-02-24_103346_1689000_1100,24/02/2026,FRT,-3000.0,105600,17906390000.0
2026-02-24 10:34:40,168.9,100,sell,2026-02-24_103440_1689000_100,24/02/2026,FRT,-3000.0,105700,17923280000.0
2026-02-24 10:35:04,168.8,2000,sell,2026-02-24_103504_1688000_2000,24/02/2026,FRT,-3100.0,107700,18260880000.0
2026-02-24 10:37:32,169.0,100,buy,2026-02-24_103732_1690000_100,24/02/2026,FRT,-2900.0,107800,18277780000.0
2026-02-24 10:37:39,169.0,200,buy,2026-02-24_103739_1690000_200,24/02/2026,FRT,-2900.0,108000,18311580000.0
2026-02-24 10:37:46,169.0,100,buy,2026-02-24_103746_1690000_100,24/02/2026,FRT,-2900.0,108100,18328480000.0
2026-02-24 10:38:48,169.0,100,buy,2026-02-24_103848_1690000_100,24/02/2026,FRT,-2900.0,108200,18345380000.0
2026-02-24 10:39:27,168.9,100,sell,2026-02-24_103927_1689000_100,24/02/2026,FRT,-3000.0,108300,18362270000.0
2026-02-24 10:40:00,168.9,300,sell,2026-02-24_104000_1689000_300,24/02/2026,FRT,-3000.0,108600,18412940000.0
2026-02-24 10:40:52,168.9,100,buy,2026-02-24_104052_1689000_100,24/02/2026,FRT,-3000.0,108700,18429830000.0
2026-02-24 10:41:01,168.8,3300,sell,2026-02-24_104101_1688000_3300,24/02/2026,FRT,-3100.0,112000,18986870000.0
2026-02-24 10:41:06,168.8,100,buy,2026-02-24_104106_1688000_100,24/02/2026,FRT,-3100.0,112100,19003750000.0
2026-02-24 10:41:24,168.8,100,buy,2026-02-24_104124_1688000_100,24/02/2026,FRT,-3100.0,112200,19020630000.0
2026-02-24 10:41:42,168.8,100,buy,2026-02-24_104142_1688000_100,24/02/2026,FRT,-3100.0,112300,19037510000.0
2026-02-24 10:42:38,168.8,100,buy,2026-02-24_104238_1688000_100,24/02/2026,FRT,-3100.0,112400,19054390000.0
2026-02-24 10:43:29,168.7,2900,sell,2026-02-24_104329_1687000_2900,24/02/2026,FRT,-3200.0,115300,19543620000.0
2026-02-24 10:43:47,168.7,900,sell,2026-02-24_104347_1687000_900,24/02/2026,FRT,-3200.0,116200,19695450000.0
2026-02-24 10:44:05,168.6,1000,sell,2026-02-24_104405_1686000_1000,24/02/2026,FRT,-3300.0,117200,19864050000.0
2026-02-24 10:44:15,168.8,1000,buy,2026-02-24_104415_1688000_1000,24/02/2026,FRT,-3100.0,118200,20032850000.0
2026-02-24 10:45:18,168.8,500,buy,2026-02-24_104518_1688000_500,24/02/2026,FRT,-3100.0,118700,20117250000.0
2026-02-24 10:45:30,168.8,300,buy,2026-02-24_104530_1688000_300,24/02/2026,FRT,-3100.0,119000,20167890000.0
2026-02-24 10:45:55,168.8,2300,buy,2026-02-24_104555_1688000_2300,24/02/2026,FRT,-3100.0,121300,20556130000.0
2026-02-24 10:46:11,169.0,1000,buy,2026-02-24_104611_1690000_1000,24/02/2026,FRT,-2900.0,122300,20725130000.0
2026-02-24 10:46:17,169.0,4000,sell,2026-02-24_104617_1690000_4000,24/02/2026,FRT,-2900.0,126300,21401130000.0
2026-02-24 10:49:35,169.5,300,buy,2026-02-24_104935_1695000_300,24/02/2026,FRT,-2400.0,126600,21451980000.0
2026-02-24 10:50:22,169.9,1500,buy,2026-02-24_105022_1699000_1500,24/02/2026,FRT,-2000.0,128100,21706830000.0
2026-02-24 10:50:29,169.9,1500,buy,2026-02-24_105029_1699000_1500,24/02/2026,FRT,-2000.0,129600,21961680000.0
2026-02-24 10:50:30,169.4,1000,sell,2026-02-24_105030_1694000_1000,24/02/2026,FRT,-2500.0,135500,22961710000.0
2026-02-24 10:50:30,169.5,4700,sell,2026-02-24_105030_1695000_4700,24/02/2026,FRT,-2400.0,134500,22792310000.0
2026-02-24 10:50:30,169.9,200,sell,2026-02-24_105030_1699000_200,24/02/2026,FRT,-2000.0,129800,21995660000.0
2026-02-24 10:51:37,169.4,100,buy,2026-02-24_105137_1694000_100,24/02/2026,FRT,-2500.0,135600,22978650000.0
2026-02-24 10:52:30,169.4,1000,buy,2026-02-24_105230_1694000_1000,24/02/2026,FRT,-2500.0,136600,23148050000.0
2026-02-24 10:53:29,169.3,100,sell,2026-02-24_105329_1693000_100,24/02/2026,FRT,-2600.0,136700,23164980000.0
2026-02-24 10:53:29,169.2,1100,sell,2026-02-24_105329_1692000_1100,24/02/2026,FRT,-2700.0,137800,23351100000.0
2026-02-24 10:54:00,169.4,100,buy,2026-02-24_105400_1694000_100,24/02/2026,FRT,-2500.0,137900,23368040000.0
2026-02-24 10:55:02,169.0,900,sell,2026-02-24_105502_1690000_900,24/02/2026,FRT,-2900.0,139900,23706150000.0
2026-02-24 10:55:02,169.1,1100,sell,2026-02-24_105502_1691000_1100,24/02/2026,FRT,-2800.0,139000,23554050000.0
2026-02-24 10:55:26,169.1,300,buy,2026-02-24_105526_1691000_300,24/02/2026,FRT,-2800.0,140200,23756880000.0
2026-02-24 10:55:40,169.1,100,buy,2026-02-24_105540_1691000_100,24/02/2026,FRT,-2800.0,140300,23773790000.0
2026-02-24 10:56:08,169.1,200,buy,2026-02-24_105608_1691000_200,24/02/2026,FRT,-2800.0,140500,23807610000.0
2026-02-24 10:56:35,169.0,1100,sell,2026-02-24_105635_1690000_1100,24/02/2026,FRT,-2900.0,141600,23993510000.0
2026-02-24 10:56:41,169.0,1100,sell,2026-02-24_105641_1690000_1100,24/02/2026,FRT,-2900.0,142700,24179410000.0
2026-02-24 10:57:13,169.0,300,sell,2026-02-24_105713_1690000_300,24/02/2026,FRT,-2900.0,143000,24230110000.0
2026-02-24 10:57:14,169.0,300,buy,2026-02-24_105714_1690000_300,24/02/2026,FRT,-2900.0,143300,24280810000.0
2026-02-24 10:57:40,168.9,100,sell,2026-02-24_105740_1689000_100,24/02/2026,FRT,-3000.0,143400,24297700000.0
2026-02-24 10:57:41,168.9,800,sell,2026-02-24_105741_1689000_800,24/02/2026,FRT,-3000.0,144200,24432820000.0
2026-02-24 10:57:47,168.9,100,sell,2026-02-24_105747_1689000_100,24/02/2026,FRT,-3000.0,144300,24449710000.0
2026-02-24 10:58:13,168.9,900,sell,2026-02-24_105813_1689000_900,24/02/2026,FRT,-3000.0,145200,24601720000.0
2026-02-24 10:58:19,168.9,200,sell,2026-02-24_105819_1689000_200,24/02/2026,FRT,-3000.0,145400,24635500000.0
2026-02-24 10:58:32,168.8,600,sell,2026-02-24_105832_1688000_600,24/02/2026,FRT,-3100.0,146000,24736780000.0
2026-02-24 10:59:16,168.8,1000,sell,2026-02-24_105916_1688000_1000,24/02/2026,FRT,-3100.0,147000,24905580000.0
2026-02-24 10:59:29,168.8,300,sell,2026-02-24_105929_1688000_300,24/02/2026,FRT,-3100.0,147300,24956220000.0
2026-02-24 11:00:22,168.8,200,sell,2026-02-24_110022_1688000_200,24/02/2026,FRT,-3100.0,147500,24989980000.0
2026-02-24 11:01:06,169.0,300,buy,2026-02-24_110106_1690000_300,24/02/2026,FRT,-2900.0,147800,25040680000.0
2026-02-24 11:01:34,169.0,100,buy,2026-02-24_110134_1690000_100,24/02/2026,FRT,-2900.0,147900,25057580000.0
2026-02-24 11:03:20,169.0,2000,buy,2026-02-24_110320_1690000_2000,24/02/2026,FRT,-2900.0,149900,25395580000.0
2026-02-24 11:03:46,169.0,300,buy,2026-02-24_110346_1690000_300,24/02/2026,FRT,-2900.0,150200,25446280000.0
2026-02-24 11:03:49,169.0,1000,buy,2026-02-24_110349_1690000_1000,24/02/2026,FRT,-2900.0,151200,25615280000.0
2026-02-24 11:03:52,169.0,400,buy,2026-02-24_110352_1690000_400,24/02/2026,FRT,-2900.0,151600,25682880000.0
2026-02-24 11:03:58,169.0,2000,buy,2026-02-24_110358_1690000_2000,24/02/2026,FRT,-2900.0,153600,26020880000.0
2026-02-24 11:04:07,168.8,100,sell,2026-02-24_110407_1688000_100,24/02/2026,FRT,-3100.0,153700,26037760000.0
2026-02-24 11:05:26,169.0,100,buy,2026-02-24_110526_1690000_100,24/02/2026,FRT,-2900.0,153800,26054660000.0
2026-02-24 11:06:29,168.8,100,sell,2026-02-24_110629_1688000_100,24/02/2026,FRT,-3100.0,153900,26071540000.0
2026-02-24 11:12:59,168.8,4000,sell,2026-02-24_111259_1688000_4000,24/02/2026,FRT,-3100.0,159100,26949420000.0
2026-02-24 11:12:59,168.9,1200,sell,2026-02-24_111259_1689000_1200,24/02/2026,FRT,-3000.0,155100,26274220000.0
2026-02-24 11:13:23,168.7,3700,sell,2026-02-24_111323_1687000_3700,24/02/2026,FRT,-3200.0,163100,27624250000.0
2026-02-24 11:13:23,168.8,300,sell,2026-02-24_111323_1688000_300,24/02/2026,FRT,-3100.0,159400,27000060000.0
2026-02-24 11:13:49,168.7,100,sell,2026-02-24_111349_1687000_100,24/02/2026,FRT,-3200.0,163200,27641120000.0
2026-02-24 11:14:12,168.7,1100,sell,2026-02-24_111412_1687000_1100,24/02/2026,FRT,-3200.0,164300,27826690000.0
2026-02-24 11:14:18,169.0,100,buy,2026-02-24_111418_1690000_100,24/02/2026,FRT,-2900.0,164400,27843590000.0
2026-02-24 11:15:51,169.0,200,buy,2026-02-24_111551_1690000_200,24/02/2026,FRT,-2900.0,164600,27877390000.0
2026-02-24 11:17:09,169.0,100,buy,2026-02-24_111709_1690000_100,24/02/2026,FRT,-2900.0,164700,27894290000.0
2026-02-24 11:18:41,168.8,100,sell,2026-02-24_111841_1688000_100,24/02/2026,FRT,-3100.0,164800,27911170000.0
2026-02-24 11:19:03,168.8,200,sell,2026-02-24_111903_1688000_200,24/02/2026,FRT,-3100.0,165000,27944930000.0
2026-02-24 11:19:06,169.0,400,buy,2026-02-24_111906_1690000_400,24/02/2026,FRT,-2900.0,166000,28113810000.0
2026-02-24 11:19:06,168.8,600,buy,2026-02-24_111906_1688000_600,24/02/2026,FRT,-3100.0,165600,28046210000.0
2026-02-24 11:19:21,169.0,100,buy,2026-02-24_111921_1690000_100,24/02/2026,FRT,-2900.0,166100,28130710000.0
2026-02-24 11:19:30,168.8,100,sell,2026-02-24_111930_1688000_100,24/02/2026,FRT,-3100.0,166200,28147590000.0
2026-02-24 11:19:42,168.8,100,sell,2026-02-24_111942_1688000_100,24/02/2026,FRT,-3100.0,166300,28164470000.0
2026-02-24 11:23:32,168.8,500,sell,2026-02-24_112332_1688000_500,24/02/2026,FRT,-3100.0,166800,28248870000.0
2026-02-24 11:25:08,168.9,100,buy,2026-02-24_112508_1689000_100,24/02/2026,FRT,-3000.0,166900,28265760000.0
2026-02-24 11:26:17,168.9,200,sell,2026-02-24_112617_1689000_200,24/02/2026,FRT,-3000.0,167100,28299540000.0
2026-02-24 11:27:14,168.8,1700,sell,2026-02-24_112714_1688000_1700,24/02/2026,FRT,-3100.0,169100,28637170000.0
2026-02-24 11:27:14,168.9,300,sell,2026-02-24_112714_1689000_300,24/02/2026,FRT,-3000.0,167400,28350210000.0
2026-02-24 11:27:24,168.8,200,sell,2026-02-24_112724_1688000_200,24/02/2026,FRT,-3100.0,169300,28670930000.0
2026-02-24 11:27:24,168.7,2300,sell,2026-02-24_112724_1687000_2300,24/02/2026,FRT,-3200.0,171600,29058940000.0
2026-02-24 11:27:37,168.7,500,buy,2026-02-24_112737_1687000_500,24/02/2026,FRT,-3200.0,172100,29143290000.0
2026-02-24 11:28:11,168.6,9100,sell,2026-02-24_112811_1686000_9100,24/02/2026,FRT,-3300.0,181200,30677550000.0
2026-02-24 11:28:11,168.5,8900,sell,2026-02-24_112811_1685000_8900,24/02/2026,FRT,-3400.0,190100,32177200000.0
2026-02-24 11:28:12,168.3,200,sell,2026-02-24_112812_1683000_200,24/02/2026,FRT,-3600.0,191800,32463500000.0
2026-02-24 11:28:12,168.4,1100,sell,2026-02-24_112812_1684000_1100,24/02/2026,FRT,-3500.0,191600,32429840000.0
2026-02-24 11:28:12,168.5,200,sell,2026-02-24_112812_1685000_200,24/02/2026,FRT,-3400.0,190500,32244600000.0
2026-02-24 13:00:10,168.4,100,sell,2026-02-24_130010_1684000_100,24/02/2026,FRT,-3500.0,191900,32480340000.0
2026-02-24 13:00:14,168.7,400,buy,2026-02-24_130014_1687000_400,24/02/2026,FRT,-3200.0,192300,32547820000.0
2026-02-24 13:00:17,168.4,300,sell,2026-02-24_130017_1684000_300,24/02/2026,FRT,-3500.0,192600,32598340000.0
2026-02-24 13:00:17,168.3,300,sell,2026-02-24_130017_1683000_300,24/02/2026,FRT,-3600.0,192900,32648830000.0
2026-02-24 13:00:18,168.4,100,buy,2026-02-24_130018_1684000_100,24/02/2026,FRT,-3500.0,193000,32665670000.0
2026-02-24 13:00:18,168.4,300,buy,2026-02-24_130018_1684000_300,24/02/2026,FRT,-3500.0,193300,32716190000.0
2026-02-24 13:00:19,168.3,200,sell,2026-02-24_130019_1683000_200,24/02/2026,FRT,-3600.0,193500,32749850000.0
2026-02-24 13:00:25,168.4,100,buy,2026-02-24_130025_1684000_100,24/02/2026,FRT,-3500.0,193600,32766690000.0
2026-02-24 13:00:26,168.3,500,sell,2026-02-24_130026_1683000_500,24/02/2026,FRT,-3600.0,194100,32850840000.0
2026-02-24 13:00:30,168.4,100,buy,2026-02-24_130030_1684000_100,24/02/2026,FRT,-3500.0,194200,32867680000.0
2026-02-24 13:00:33,168.4,200,buy,2026-02-24_130033_1684000_200,24/02/2026,FRT,-3500.0,194400,32901360000.0
2026-02-24 13:00:40,168.4,100,buy,2026-02-24_130040_1684000_100,24/02/2026,FRT,-3500.0,194500,32918200000.0
2026-02-24 13:00:41,168.4,600,buy,2026-02-24_130041_1684000_600,24/02/2026,FRT,-3500.0,195100,33019240000.0
2026-02-24 13:00:53,168.4,100,buy,2026-02-24_130053_1684000_100,24/02/2026,FRT,-3500.0,195200,33036080000.0
2026-02-24 13:01:02,168.4,100,buy,2026-02-24_130102_1684000_100,24/02/2026,FRT,-3500.0,195300,33052920000.0
2026-02-24 13:01:03,168.4,100,buy,2026-02-24_130103_1684000_100,24/02/2026,FRT,-3500.0,195400,33069760000.0
2026-02-24 13:01:13,168.4,200,buy,2026-02-24_130113_1684000_200,24/02/2026,FRT,-3500.0,195600,33103440000.0
2026-02-24 13:01:34,168.4,1000,buy,2026-02-24_130134_1684000_1000,24/02/2026,FRT,-3500.0,196600,33271840000.0
2026-02-24 13:02:02,168.4,1500,buy,2026-02-24_130202_1684000_1500,24/02/2026,FRT,-3500.0,198100,33524440000.0
2026-02-24 13:02:04,168.4,100,sell,2026-02-24_130204_1684000_100,24/02/2026,FRT,-3500.0,198200,33541280000.0
2026-02-24 13:02:07,168.4,500,sell,2026-02-24_130207_1684000_500,24/02/2026,FRT,-3500.0,198700,33625480000.0
2026-02-24 13:02:19,168.6,100,buy,2026-02-24_130219_1686000_100,24/02/2026,FRT,-3300.0,198800,33642340000.0
2026-02-24 13:02:47,168.6,100,buy,2026-02-24_130247_1686000_100,24/02/2026,FRT,-3300.0,198900,33659200000.0
2026-02-24 13:02:57,168.7,2500,buy,2026-02-24_130257_1687000_2500,24/02/2026,FRT,-3200.0,201400,34080950000.0
2026-02-24 13:04:35,168.6,100,sell,2026-02-24_130435_1686000_100,24/02/2026,FRT,-3300.0,201500,34097810000.0
2026-02-24 13:05:02,168.6,200,buy,2026-02-24_130502_1686000_200,24/02/2026,FRT,-3300.0,201700,34131530000.0
2026-02-24 13:05:28,168.6,100,buy,2026-02-24_130528_1686000_100,24/02/2026,FRT,-3300.0,201800,34148390000.0
2026-02-24 13:05:37,168.6,800,buy,2026-02-24_130537_1686000_800,24/02/2026,FRT,-3300.0,202600,34283270000.0
2026-02-24 13:05:50,168.6,200,sell,2026-02-24_130550_1686000_200,24/02/2026,FRT,-3300.0,202800,34316990000.0
2026-02-24 13:05:55,168.7,1800,buy,2026-02-24_130555_1687000_1800,24/02/2026,FRT,-3200.0,204600,34620650000.0
2026-02-24 13:06:10,168.7,200,sell,2026-02-24_130610_1687000_200,24/02/2026,FRT,-3200.0,204800,34654390000.0
2026-02-24 13:06:34,168.7,200,sell,2026-02-24_130634_1687000_200,24/02/2026,FRT,-3200.0,205000,34688130000.0
2026-02-24 13:06:47,168.7,600,sell,2026-02-24_130647_1687000_600,24/02/2026,FRT,-3200.0,205600,34789350000.0
2026-02-24 13:07:19,168.7,600,sell,2026-02-24_130719_1687000_600,24/02/2026,FRT,-3200.0,206200,34890570000.0
2026-02-24 13:07:27,168.5,1500,sell,2026-02-24_130727_1685000_1500,24/02/2026,FRT,-3400.0,208800,35328780000.0
2026-02-24 13:07:27,168.6,1100,sell,2026-02-24_130727_1686000_1100,24/02/2026,FRT,-3300.0,207300,35076030000.0
2026-02-24 13:07:27,168.3,3400,sell,2026-02-24_130727_1683000_3400,24/02/2026,FRT,-3600.0,212400,35934680000.0
2026-02-24 13:07:27,168.4,200,sell,2026-02-24_130727_1684000_200,24/02/2026,FRT,-3500.0,209000,35362460000.0
2026-02-24 13:07:37,168.2,3500,sell,2026-02-24_130737_1682000_3500,24/02/2026,FRT,-3700.0,215900,36523380000.0
2026-02-24 13:07:51,168.2,1500,buy,2026-02-24_130751_1682000_1500,24/02/2026,FRT,-3700.0,217400,36775680000.0
2026-02-24 13:08:02,168.3,100,buy,2026-02-24_130802_1683000_100,24/02/2026,FRT,-3600.0,217500,36792510000.0
2026-02-24 13:08:06,168.3,4200,buy,2026-02-24_130806_1683000_4200,24/02/2026,FRT,-3600.0,221700,37499370000.0
2026-02-24 13:08:21,168.3,200,sell,2026-02-24_130821_1683000_200,24/02/2026,FRT,-3600.0,221900,37533030000.0
2026-02-24 13:09:32,168.3,300,sell,2026-02-24_130932_1683000_300,24/02/2026,FRT,-3600.0,222200,37583520000.0
2026-02-24 13:09:33,168.8,4000,buy,2026-02-24_130933_1688000_4000,24/02/2026,FRT,-3100.0,226200,38258720000.0
2026-02-24 13:11:09,168.3,700,sell,2026-02-24_131109_1683000_700,24/02/2026,FRT,-3600.0,226900,38376530000.0
2026-02-24 13:11:09,168.2,1400,sell,2026-02-24_131109_1682000_1400,24/02/2026,FRT,-3700.0,228300,38612010000.0
2026-02-24 13:11:12,168.2,300,buy,2026-02-24_131112_1682000_300,24/02/2026,FRT,-3700.0,228600,38662470000.0
2026-02-24 13:11:29,168.2,500,buy,2026-02-24_131129_1682000_500,24/02/2026,FRT,-3700.0,229100,38746570000.0
2026-02-24 13:11:37,168.1,200,sell,2026-02-24_131137_1681000_200,24/02/2026,FRT,-3800.0,229400,38797010000.0
2026-02-24 13:11:37,168.2,100,buy,2026-02-24_131137_1682000_100,24/02/2026,FRT,-3700.0,229200,38763390000.0
2026-02-24 13:11:42,168.2,2000,buy,2026-02-24_131142_1682000_2000,24/02/2026,FRT,-3700.0,231400,39133410000.0
2026-02-24 13:11:44,168.1,100,sell,2026-02-24_131144_1681000_100,24/02/2026,FRT,-3800.0,231500,39150220000.0
2026-02-24 13:11:52,168.1,100,sell,2026-02-24_131152_1681000_100,24/02/2026,FRT,-3800.0,231600,39167030000.0
2026-02-24 13:12:02,168.2,500,buy,2026-02-24_131202_1682000_500,24/02/2026,FRT,-3700.0,232100,39251130000.0
2026-02-24 13:12:06,168.1,100,sell,2026-02-24_131206_1681000_100,24/02/2026,FRT,-3800.0,232200,39267940000.0
2026-02-24 13:12:30,168.2,100,buy,2026-02-24_131230_1682000_100,24/02/2026,FRT,-3700.0,232300,39284760000.0
2026-02-24 13:12:30,168.1,500,sell,2026-02-24_131230_1681000_500,24/02/2026,FRT,-3800.0,232800,39368810000.0
2026-02-24 13:12:36,168.2,300,buy,2026-02-24_131236_1682000_300,24/02/2026,FRT,-3700.0,233100,39419270000.0
2026-02-24 13:12:39,168.2,1000,buy,2026-02-24_131239_1682000_1000,24/02/2026,FRT,-3700.0,234100,39587470000.0
2026-02-24 13:12:41,168.2,1000,buy,2026-02-24_131241_1682000_1000,24/02/2026,FRT,-3700.0,235100,39755670000.0
2026-02-24 13:12:42,168.2,1000,buy,2026-02-24_131242_1682000_1000,24/02/2026,FRT,-3700.0,236100,39923870000.0
2026-02-24 13:12:54,168.2,1000,buy,2026-02-24_131254_1682000_1000,24/02/2026,FRT,-3700.0,237100,40092070000.0
2026-02-24 13:12:59,168.2,100,buy,2026-02-24_131259_1682000_100,24/02/2026,FRT,-3700.0,237200,40108890000.0
2026-02-24 13:15:07,168.8,100,buy,2026-02-24_131507_1688000_100,24/02/2026,FRT,-3100.0,237300,40125770000.0
2026-02-24 13:15:34,168.8,100,buy,2026-02-24_131534_1688000_100,24/02/2026,FRT,-3100.0,237400,40142650000.0
2026-02-24 13:15:35,168.8,200,buy,2026-02-24_131535_1688000_200,24/02/2026,FRT,-3100.0,237600,40176410000.0
2026-02-24 13:15:55,168.7,300,buy,2026-02-24_131555_1687000_300,24/02/2026,FRT,-3200.0,237900,40227020000.0
2026-02-24 13:15:55,168.8,200,buy,2026-02-24_131555_1688000_200,24/02/2026,FRT,-3100.0,238100,40260780000.0
2026-02-24 13:17:07,168.8,100,buy,2026-02-24_131707_1688000_100,24/02/2026,FRT,-3100.0,238200,40277660000.0
2026-02-24 13:18:49,168.8,500,buy,2026-02-24_131849_1688000_500,24/02/2026,FRT,-3100.0,238700,40362060000.0
2026-02-24 13:19:45,168.5,100,buy,2026-02-24_131945_1685000_100,24/02/2026,FRT,-3400.0,238800,40378910000.0
2026-02-24 13:20:13,168.5,500,buy,2026-02-24_132013_1685000_500,24/02/2026,FRT,-3400.0,239300,40463160000.0
2026-02-24 13:20:21,168.5,200,buy,2026-02-24_132021_1685000_200,24/02/2026,FRT,-3400.0,239500,40496860000.0
2026-02-24 13:20:31,168.5,100,buy,2026-02-24_132031_1685000_100,24/02/2026,FRT,-3400.0,239600,40513710000.0
2026-02-24 13:21:21,168.5,500,buy,2026-02-24_132121_1685000_500,24/02/2026,FRT,-3400.0,240100,40597960000.0
2026-02-24 13:21:25,168.5,100,buy,2026-02-24_132125_1685000_100,24/02/2026,FRT,-3400.0,240200,40614810000.0
2026-02-24 13:21:33,168.5,100,buy,2026-02-24_132133_1685000_100,24/02/2026,FRT,-3400.0,240300,40631660000.0
2026-02-24 13:21:42,168.5,100,buy,2026-02-24_132142_1685000_100,24/02/2026,FRT,-3400.0,240400,40648510000.0
2026-02-24 13:21:47,168.5,200,buy,2026-02-24_132147_1685000_200,24/02/2026,FRT,-3400.0,240600,40682210000.0
2026-02-24 13:21:58,168.5,300,buy,2026-02-24_132158_1685000_300,24/02/2026,FRT,-3400.0,240900,40732760000.0
2026-02-24 13:22:09,168.5,100,buy,2026-02-24_132209_1685000_100,24/02/2026,FRT,-3400.0,241000,40749610000.0
2026-02-24 13:22:16,168.5,100,buy,2026-02-24_132216_1685000_100,24/02/2026,FRT,-3400.0,241100,40766460000.0
2026-02-24 13:22:36,168.5,100,buy,2026-02-24_132236_1685000_100,24/02/2026,FRT,-3400.0,241200,40783310000.0
2026-02-24 13:23:04,168.4,200,sell,2026-02-24_132304_1684000_200,24/02/2026,FRT,-3500.0,241400,40816990000.0
2026-02-24 13:23:20,168.5,100,sell,2026-02-24_132320_1685000_100,24/02/2026,FRT,-3400.0,241500,40833840000.0
2026-02-24 13:23:22,168.7,200,buy,2026-02-24_132322_1687000_200,24/02/2026,FRT,-3200.0,241700,40867580000.0
2026-02-24 13:23:22,168.8,2600,buy,2026-02-24_132322_1688000_2600,24/02/2026,FRT,-3100.0,244300,41306460000.0
2026-02-24 13:23:29,168.8,3000,sell,2026-02-24_132329_1688000_3000,24/02/2026,FRT,-3100.0,247300,41812860000.0
2026-02-24 13:23:49,169.4,3100,buy,2026-02-24_132349_1694000_3100,24/02/2026,FRT,-2500.0,250400,42338000000.0
2026-02-24 13:23:49,169.5,1000,buy,2026-02-24_132349_1695000_1000,24/02/2026,FRT,-2400.0,251400,42507500000.0
2026-02-24 13:24:50,169.9,3000,buy,2026-02-24_132450_1699000_3000,24/02/2026,FRT,-2000.0,254400,43017200000.0
2026-02-24 13:25:12,170.5,200,buy,2026-02-24_132512_1705000_200,24/02/2026,FRT,-1400.0,255300,43170330000.0
2026-02-24 13:25:12,170.3,100,buy,2026-02-24_132512_1703000_100,24/02/2026,FRT,-1600.0,255100,43136230000.0
2026-02-24 13:25:12,170.0,600,buy,2026-02-24_132512_1700000_600,24/02/2026,FRT,-1900.0,255000,43119200000.0
2026-02-24 13:26:02,170.8,700,buy,2026-02-24_132602_1708000_700,24/02/2026,FRT,-1100.0,256000,43289890000.0
2026-02-24 13:26:02,171.0,9300,buy,2026-02-24_132602_1710000_9300,24/02/2026,FRT,-900.0,265300,44880190000.0
2026-02-24 13:26:08,170.5,1000,sell,2026-02-24_132608_1705000_1000,24/02/2026,FRT,-1400.0,266300,45050690000.0
2026-02-24 13:26:09,170.9,100,buy,2026-02-24_132609_1709000_100,24/02/2026,FRT,-1000.0,266400,45067780000.0
2026-02-24 13:26:09,171.0,8000,buy,2026-02-24_132609_1710000_8000,24/02/2026,FRT,-900.0,274400,46435780000.0
2026-02-24 13:26:14,170.5,100,sell,2026-02-24_132614_1705000_100,24/02/2026,FRT,-1400.0,274500,46452830000.0
2026-02-24 13:26:15,170.5,1300,buy,2026-02-24_132615_1705000_1300,24/02/2026,FRT,-1400.0,275800,46674480000.0
2026-02-24 13:26:15,171.0,5700,buy,2026-02-24_132615_1710000_5700,24/02/2026,FRT,-900.0,281500,47649180000.0
2026-02-24 13:26:36,170.1,5800,sell,2026-02-24_132636_1701000_5800,24/02/2026,FRT,-1800.0,287300,48635760000.0
2026-02-24 13:26:38,170.5,500,buy,2026-02-24_132638_1705000_500,24/02/2026,FRT,-1400.0,287800,48721010000.0
2026-02-24 13:26:55,170.1,100,sell,2026-02-24_132655_1701000_100,24/02/2026,FRT,-1800.0,292100,49452860000.0
2026-02-24 13:26:55,170.2,4200,sell,2026-02-24_132655_1702000_4200,24/02/2026,FRT,-1700.0,292000,49435850000.0
2026-02-24 13:26:55,170.0,3100,sell,2026-02-24_132655_1700000_3100,24/02/2026,FRT,-1900.0,295200,49979860000.0
2026-02-24 13:28:25,169.0,1200,sell,2026-02-24_132825_1690000_1200,24/02/2026,FRT,-2900.0,296400,50182660000.0
2026-02-24 13:28:59,168.5,100,sell,2026-02-24_132859_1685000_100,24/02/2026,FRT,-3400.0,296500,50199510000.0
2026-02-24 13:29:05,168.5,1000,sell,2026-02-24_132905_1685000_1000,24/02/2026,FRT,-3400.0,297500,50368010000.0
2026-02-24 13:29:22,168.5,100,sell,2026-02-24_132922_1685000_100,24/02/2026,FRT,-3400.0,297600,50384860000.0
2026-02-24 13:29:31,168.9,100,buy,2026-02-24_132931_1689000_100,24/02/2026,FRT,-3000.0,297700,50401750000.0
2026-02-24 13:30:52,168.9,200,buy,2026-02-24_133052_1689000_200,24/02/2026,FRT,-3000.0,297900,50435530000.0
2026-02-24 13:31:24,169.0,100,buy,2026-02-24_133124_1690000_100,24/02/2026,FRT,-2900.0,298000,50452430000.0
2026-02-24 13:31:39,168.8,500,sell,2026-02-24_133139_1688000_500,24/02/2026,FRT,-3100.0,298800,50587500000.0
2026-02-24 13:31:39,168.9,300,sell,2026-02-24_133139_1689000_300,24/02/2026,FRT,-3000.0,298300,50503100000.0
2026-02-24 13:31:46,168.9,300,sell,2026-02-24_133146_1689000_300,24/02/2026,FRT,-3000.0,299100,50638170000.0
2026-02-24 13:32:43,168.2,4000,sell,2026-02-24_133243_1682000_4000,24/02/2026,FRT,-3700.0,307700,52085460000.0
2026-02-24 13:32:43,168.5,1000,sell,2026-02-24_133243_1685000_1000,24/02/2026,FRT,-3400.0,300200,50823530000.0
2026-02-24 13:32:43,168.6,100,sell,2026-02-24_133243_1686000_100,24/02/2026,FRT,-3300.0,299200,50655030000.0
2026-02-24 13:32:43,168.3,2700,sell,2026-02-24_133243_1683000_2700,24/02/2026,FRT,-3600.0,303700,51412660000.0
2026-02-24 13:32:43,168.4,800,sell,2026-02-24_133243_1684000_800,24/02/2026,FRT,-3500.0,301000,50958250000.0
2026-02-24 13:33:25,168.4,700,sell,2026-02-24_133325_1684000_700,24/02/2026,FRT,-3500.0,308400,52203340000.0
2026-02-24 13:34:13,168.5,300,sell,2026-02-24_133413_1685000_300,24/02/2026,FRT,-3400.0,308700,52253890000.0
2026-02-24 13:34:21,168.5,400,sell,2026-02-24_133421_1685000_400,24/02/2026,FRT,-3400.0,309100,52321290000.0
2026-02-24 13:35:14,168.7,100,sell,2026-02-24_133514_1687000_100,24/02/2026,FRT,-3200.0,309200,52338160000.0
2026-02-24 13:35:14,168.4,2100,sell,2026-02-24_133514_1684000_2100,24/02/2026,FRT,-3500.0,314100,53163650000.0
2026-02-24 13:35:14,168.5,2300,sell,2026-02-24_133514_1685000_2300,24/02/2026,FRT,-3400.0,312000,52810010000.0
2026-02-24 13:35:14,168.6,500,sell,2026-02-24_133514_1686000_500,24/02/2026,FRT,-3300.0,309700,52422460000.0
2026-02-24 13:35:35,168.4,500,sell,2026-02-24_133535_1684000_500,24/02/2026,FRT,-3500.0,314800,53281550000.0
2026-02-24 13:35:35,168.5,200,sell,2026-02-24_133535_1685000_200,24/02/2026,FRT,-3400.0,314300,53197350000.0
2026-02-24 13:36:08,168.5,1000,sell,2026-02-24_133608_1685000_1000,24/02/2026,FRT,-3400.0,315800,53450050000.0
2026-02-24 13:36:17,168.4,100,sell,2026-02-24_133617_1684000_100,24/02/2026,FRT,-3500.0,316200,53517440000.0
2026-02-24 13:36:17,168.5,300,sell,2026-02-24_133617_1685000_300,24/02/2026,FRT,-3400.0,316100,53500600000.0
2026-02-24 13:36:50,169.0,100,buy,2026-02-24_133650_1690000_100,24/02/2026,FRT,-2900.0,316300,53534340000.0
2026-02-24 13:37:41,169.0,100,buy,2026-02-24_133741_1690000_100,24/02/2026,FRT,-2900.0,316400,53551240000.0
2026-02-24 13:38:03,168.5,500,sell,2026-02-24_133803_1685000_500,24/02/2026,FRT,-3400.0,316900,53635490000.0
2026-02-24 13:38:24,168.5,200,sell,2026-02-24_133824_1685000_200,24/02/2026,FRT,-3400.0,317100,53669190000.0
2026-02-24 13:41:31,168.9,300,buy,2026-02-24_134131_1689000_300,24/02/2026,FRT,-3000.0,317500,53736740000.0
2026-02-24 13:41:31,168.8,100,buy,2026-02-24_134131_1688000_100,24/02/2026,FRT,-3100.0,317200,53686070000.0
2026-02-24 13:41:31,169.0,100,buy,2026-02-24_134131_1690000_100,24/02/2026,FRT,-2900.0,317600,53753640000.0
2026-02-24 13:41:40,169.0,100,buy,2026-02-24_134140_1690000_100,24/02/2026,FRT,-2900.0,317700,53770540000.0
2026-02-24 13:42:33,169.0,1100,buy,2026-02-24_134233_1690000_1100,24/02/2026,FRT,-2900.0,318800,53956440000.0
2026-02-24 13:43:37,169.0,100,buy,2026-02-24_134337_1690000_100,24/02/2026,FRT,-2900.0,318900,53973340000.0
2026-02-24 13:44:01,169.0,100,buy,2026-02-24_134401_1690000_100,24/02/2026,FRT,-2900.0,319000,53990240000.0
2026-02-24 13:44:07,169.0,100,buy,2026-02-24_134407_1690000_100,24/02/2026,FRT,-2900.0,319100,54007140000.0
2026-02-24 13:44:22,169.0,100,buy,2026-02-24_134422_1690000_100,24/02/2026,FRT,-2900.0,319200,54024040000.0
2026-02-24 13:46:08,169.0,100,buy,2026-02-24_134608_1690000_100,24/02/2026,FRT,-2900.0,319300,54040940000.0
2026-02-24 13:47:07,168.9,100,buy,2026-02-24_134707_1689000_100,24/02/2026,FRT,-3000.0,319400,54057830000.0
2026-02-24 13:47:10,168.5,1300,sell,2026-02-24_134710_1685000_1300,24/02/2026,FRT,-3400.0,324400,54900970000.0
2026-02-24 13:47:10,168.6,2300,sell,2026-02-24_134710_1686000_2300,24/02/2026,FRT,-3300.0,323100,54681920000.0
2026-02-24 13:47:10,168.7,100,sell,2026-02-24_134710_1687000_100,24/02/2026,FRT,-3200.0,320800,54294140000.0
2026-02-24 13:47:10,168.8,1300,sell,2026-02-24_134710_1688000_1300,24/02/2026,FRT,-3100.0,320700,54277270000.0
2026-02-24 13:47:16,168.9,500,buy,2026-02-24_134716_1689000_500,24/02/2026,FRT,-3000.0,324900,54985420000.0
2026-02-24 13:47:36,168.5,100,sell,2026-02-24_134736_1685000_100,24/02/2026,FRT,-3400.0,325000,55002270000.0
2026-02-24 13:47:41,169.0,200,buy,2026-02-24_134741_1690000_200,24/02/2026,FRT,-2900.0,325200,55036070000.0
2026-02-24 13:47:57,169.0,200,buy,2026-02-24_134757_1690000_200,24/02/2026,FRT,-2900.0,325400,55069870000.0
2026-02-24 13:49:52,168.8,1000,sell,2026-02-24_134952_1688000_1000,24/02/2026,FRT,-3100.0,326400,55238670000.0
2026-02-24 13:50:03,168.8,500,sell,2026-02-24_135003_1688000_500,24/02/2026,FRT,-3100.0,326900,55323070000.0
2026-02-24 13:50:12,168.8,100,buy,2026-02-24_135012_1688000_100,24/02/2026,FRT,-3100.0,327000,55339950000.0
2026-02-24 13:50:15,168.8,100,buy,2026-02-24_135015_1688000_100,24/02/2026,FRT,-3100.0,327100,55356830000.0
2026-02-24 13:50:32,168.8,100,sell,2026-02-24_135032_1688000_100,24/02/2026,FRT,-3100.0,327200,55373710000.0
2026-02-24 13:50:53,168.8,800,sell,2026-02-24_135053_1688000_800,24/02/2026,FRT,-3100.0,329100,55694440000.0
2026-02-24 13:50:53,168.9,100,sell,2026-02-24_135053_1689000_100,24/02/2026,FRT,-3000.0,327500,55424360000.0
2026-02-24 13:50:53,168.8,200,sell,2026-02-24_135053_1688000_200,24/02/2026,FRT,-3100.0,327400,55407470000.0
2026-02-24 13:51:56,168.8,300,buy,2026-02-24_135156_1688000_300,24/02/2026,FRT,-3100.0,329400,55745080000.0
2026-02-24 13:51:57,168.8,100,buy,2026-02-24_135157_1688000_100,24/02/2026,FRT,-3100.0,329500,55761960000.0
2026-02-24 13:52:41,168.8,100,buy,2026-02-24_135241_1688000_100,24/02/2026,FRT,-3100.0,329600,55778840000.0
2026-02-24 13:53:15,168.8,200,buy,2026-02-24_135315_1688000_200,24/02/2026,FRT,-3100.0,329800,55812600000.0
2026-02-24 13:53:24,168.8,100,buy,2026-02-24_135324_1688000_100,24/02/2026,FRT,-3100.0,329900,55829480000.0
2026-02-24 13:53:26,168.8,500,buy,2026-02-24_135326_1688000_500,24/02/2026,FRT,-3100.0,330400,55913880000.0
2026-02-24 13:53:48,168.8,100,buy,2026-02-24_135348_1688000_100,24/02/2026,FRT,-3100.0,330500,55930760000.0
2026-02-24 13:54:32,168.7,100,sell,2026-02-24_135432_1687000_100,24/02/2026,FRT,-3200.0,330600,55947630000.0
2026-02-24 13:55:27,168.7,200,buy,2026-02-24_135527_1687000_200,24/02/2026,FRT,-3200.0,330800,55981370000.0
2026-02-24 13:55:43,168.7,600,sell,2026-02-24_135543_1687000_600,24/02/2026,FRT,-3200.0,331400,56082590000.0
2026-02-24 13:55:57,168.5,900,sell,2026-02-24_135557_1685000_900,24/02/2026,FRT,-3400.0,333400,56419700000.0
2026-02-24 13:55:57,168.6,1100,sell,2026-02-24_135557_1686000_1100,24/02/2026,FRT,-3300.0,332500,56268050000.0
2026-02-24 13:56:06,168.5,100,sell,2026-02-24_135606_1685000_100,24/02/2026,FRT,-3400.0,333500,56436550000.0
2026-02-24 13:56:13,168.5,1000,sell,2026-02-24_135613_1685000_1000,24/02/2026,FRT,-3400.0,334500,56605050000.0
2026-02-24 13:56:21,168.6,300,buy,2026-02-24_135621_1686000_300,24/02/2026,FRT,-3300.0,334800,56655630000.0
2026-02-24 13:56:28,168.5,5000,sell,2026-02-24_135628_1685000_5000,24/02/2026,FRT,-3400.0,339800,57498130000.0
2026-02-24 13:56:28,168.5,7000,sell,2026-02-24_135628_1685000_7000,24/02/2026,FRT,-3400.0,346800,58677630000.0
2026-02-24 13:56:51,168.5,400,sell,2026-02-24_135651_1685000_400,24/02/2026,FRT,-3400.0,347200,58745030000.0
2026-02-24 13:56:54,168.5,100,sell,2026-02-24_135654_1685000_100,24/02/2026,FRT,-3400.0,347300,58761880000.0
2026-02-24 13:57:23,168.5,200,sell,2026-02-24_135723_1685000_200,24/02/2026,FRT,-3400.0,347500,58795580000.0
2026-02-24 13:57:27,168.6,200,buy,2026-02-24_135727_1686000_200,24/02/2026,FRT,-3300.0,347700,58829300000.0
2026-02-24 13:57:42,168.5,100,sell,2026-02-24_135742_1685000_100,24/02/2026,FRT,-3400.0,347900,58863000000.0
2026-02-24 13:58:10,168.5,5000,sell,2026-02-24_135810_1685000_5000,24/02/2026,FRT,-3400.0,352900,59705500000.0
2026-02-24 13:58:30,168.5,200,sell,2026-02-24_135830_1685000_200,24/02/2026,FRT,-3400.0,353100,59739200000.0
2026-02-24 13:58:43,168.5,100,sell,2026-02-24_135843_1685000_100,24/02/2026,FRT,-3400.0,353200,59756050000.0
2026-02-24 13:58:48,168.6,2000,buy,2026-02-24_135848_1686000_2000,24/02/2026,FRT,-3300.0,355200,60093250000.0
2026-02-24 13:58:58,168.6,100,buy,2026-02-24_135858_1686000_100,24/02/2026,FRT,-3300.0,355300,60110110000.0
2026-02-24 13:59:17,168.6,100,sell,2026-02-24_135917_1686000_100,24/02/2026,FRT,-3300.0,355400,60126970000.0
2026-02-24 13:59:46,168.8,100,buy,2026-02-24_135946_1688000_100,24/02/2026,FRT,-3100.0,355500,60143850000.0
2026-02-24 14:00:07,168.8,400,buy,2026-02-24_140007_1688000_400,24/02/2026,FRT,-3100.0,355900,60211370000.0
2026-02-24 14:00:12,168.6,100,sell,2026-02-24_140012_1686000_100,24/02/2026,FRT,-3300.0,356000,60228230000.0
2026-02-24 14:00:49,168.8,200,buy,2026-02-24_140049_1688000_200,24/02/2026,FRT,-3100.0,356200,60261990000.0
2026-02-24 14:00:49,169.0,300,buy,2026-02-24_140049_1690000_300,24/02/2026,FRT,-2900.0,356500,60312690000.0
2026-02-24 14:01:21,169.0,500,buy,2026-02-24_140121_1690000_500,24/02/2026,FRT,-2900.0,357000,60397190000.0
2026-02-24 14:01:54,169.0,500,buy,2026-02-24_140154_1690000_500,24/02/2026,FRT,-2900.0,357500,60481690000.0
2026-02-24 14:02:30,169.0,500,buy,2026-02-24_140230_1690000_500,24/02/2026,FRT,-2900.0,358000,60566190000.0
2026-02-24 14:03:02,169.0,500,buy,2026-02-24_140302_1690000_500,24/02/2026,FRT,-2900.0,358500,60650690000.0
2026-02-24 14:03:36,169.0,500,buy,2026-02-24_140336_1690000_500,24/02/2026,FRT,-2900.0,359000,60735190000.0
2026-02-24 14:04:08,169.0,500,buy,2026-02-24_140408_1690000_500,24/02/2026,FRT,-2900.0,359500,60819690000.0
2026-02-24 14:04:41,169.0,400,buy,2026-02-24_140441_1690000_400,24/02/2026,FRT,-2900.0,359900,60887290000.0
2026-02-24 14:05:14,169.0,500,buy,2026-02-24_140514_1690000_500,24/02/2026,FRT,-2900.0,360400,60971790000.0
2026-02-24 14:05:25,169.0,1000,buy,2026-02-24_140525_1690000_1000,24/02/2026,FRT,-2900.0,361400,61140790000.0
2026-02-24 14:05:47,169.0,500,buy,2026-02-24_140547_1690000_500,24/02/2026,FRT,-2900.0,361900,61225290000.0
2026-02-24 14:06:21,169.0,500,buy,2026-02-24_140621_1690000_500,24/02/2026,FRT,-2900.0,362400,61309790000.0
2026-02-24 14:06:54,169.0,500,buy,2026-02-24_140654_1690000_500,24/02/2026,FRT,-2900.0,362900,61394290000.0
2026-02-24 14:07:22,169.0,200,buy,2026-02-24_140722_1690000_200,24/02/2026,FRT,-2900.0,363100,61428090000.0
2026-02-24 14:07:28,169.0,500,buy,2026-02-24_140728_1690000_500,24/02/2026,FRT,-2900.0,363600,61512590000.0
2026-02-24 14:07:51,169.0,100,buy,2026-02-24_140751_1690000_100,24/02/2026,FRT,-2900.0,363700,61529490000.0
2026-02-24 14:08:01,169.0,3000,buy,2026-02-24_140801_1690000_3000,24/02/2026,FRT,-2900.0,366700,62036490000.0
2026-02-24 14:08:04,169.0,200,buy,2026-02-24_140804_1690000_200,24/02/2026,FRT,-2900.0,366900,62070290000.0
2026-02-24 14:08:04,169.1,400,buy,2026-02-24_140804_1691000_400,24/02/2026,FRT,-2800.0,367300,62137930000.0
2026-02-24 14:08:10,168.6,400,sell,2026-02-24_140810_1686000_400,24/02/2026,FRT,-3300.0,372300,62981850000.0
2026-02-24 14:08:10,168.8,4600,sell,2026-02-24_140810_1688000_4600,24/02/2026,FRT,-3100.0,371900,62914410000.0
2026-02-24 14:08:51,168.6,100,sell,2026-02-24_140851_1686000_100,24/02/2026,FRT,-3300.0,372400,62998710000.0
2026-02-24 14:09:39,168.6,100,sell,2026-02-24_140939_1686000_100,24/02/2026,FRT,-3300.0,372500,63015570000.0
2026-02-24 14:10:08,168.6,200,sell,2026-02-24_141008_1686000_200,24/02/2026,FRT,-3300.0,372700,63049290000.0
2026-02-24 14:10:25,169.0,600,buy,2026-02-24_141025_1690000_600,24/02/2026,FRT,-2900.0,373300,63150690000.0
2026-02-24 14:10:37,168.5,3300,sell,2026-02-24_141037_1685000_3300,24/02/2026,FRT,-3400.0,378300,63993360000.0
2026-02-24 14:10:37,168.6,1700,sell,2026-02-24_141037_1686000_1700,24/02/2026,FRT,-3300.0,375000,63437310000.0
2026-02-24 14:11:14,168.6,100,sell,2026-02-24_141114_1686000_100,24/02/2026,FRT,-3300.0,378400,64010220000.0
2026-02-24 14:12:02,168.8,4000,sell,2026-02-24_141202_1688000_4000,24/02/2026,FRT,-3100.0,382400,64685420000.0
2026-02-24 14:13:07,168.8,100,buy,2026-02-24_141307_1688000_100,24/02/2026,FRT,-3100.0,382500,64702300000.0
2026-02-24 14:13:24,168.8,100,buy,2026-02-24_141324_1688000_100,24/02/2026,FRT,-3100.0,382600,64719180000.0
2026-02-24 14:13:38,168.8,200,sell,2026-02-24_141338_1688000_200,24/02/2026,FRT,-3100.0,382800,64752940000.0
2026-02-24 14:13:52,169.0,500,buy,2026-02-24_141352_1690000_500,24/02/2026,FRT,-2900.0,383300,64837440000.0
2026-02-24 14:14:08,169.0,300,buy,2026-02-24_141408_1690000_300,24/02/2026,FRT,-2900.0,383600,64888140000.0
2026-02-24 14:14:25,169.1,400,buy,2026-02-24_141425_1691000_400,24/02/2026,FRT,-2800.0,384000,64955780000.0
2026-02-24 14:15:00,169.1,600,buy,2026-02-24_141500_1691000_600,24/02/2026,FRT,-2800.0,384600,65057240000.0
2026-02-24 14:15:12,169.1,500,buy,2026-02-24_141512_1691000_500,24/02/2026,FRT,-2800.0,385100,65141790000.0
2026-02-24 14:15:29,169.1,200,buy,2026-02-24_141529_1691000_200,24/02/2026,FRT,-2800.0,385300,65175610000.0
2026-02-24 14:15:32,169.2,500,buy,2026-02-24_141532_1692000_500,24/02/2026,FRT,-2700.0,385800,65260210000.0
2026-02-24 14:15:36,169.5,200,buy,2026-02-24_141536_1695000_200,24/02/2026,FRT,-2400.0,387600,65564830000.0
2026-02-24 14:15:36,169.2,1600,buy,2026-02-24_141536_1692000_1600,24/02/2026,FRT,-2700.0,387400,65530930000.0
2026-02-24 14:15:59,169.5,4000,sell,2026-02-24_141559_1695000_4000,24/02/2026,FRT,-2400.0,391600,66242830000.0
2026-02-24 14:16:01,169.5,200,sell,2026-02-24_141601_1695000_200,24/02/2026,FRT,-2400.0,391800,66276730000.0
2026-02-24 14:16:12,169.6,1900,buy,2026-02-24_141612_1696000_1900,24/02/2026,FRT,-2300.0,393700,66598970000.0
2026-02-24 14:16:27,169.6,100,buy,2026-02-24_141627_1696000_100,24/02/2026,FRT,-2300.0,393800,66615930000.0
2026-02-24 14:16:33,169.1,400,sell,2026-02-24_141633_1691000_400,24/02/2026,FRT,-2800.0,395100,66836060000.0
2026-02-24 14:16:33,169.5,700,sell,2026-02-24_141633_1695000_700,24/02/2026,FRT,-2400.0,394500,66734580000.0
2026-02-24 14:16:33,169.2,200,sell,2026-02-24_141633_1692000_200,24/02/2026,FRT,-2700.0,394700,66768420000.0
2026-02-24 14:17:25,168.9,1000,sell,2026-02-24_141725_1689000_1000,24/02/2026,FRT,-3000.0,396100,67004960000.0
2026-02-24 14:17:37,168.9,100,sell,2026-02-24_141737_1689000_100,24/02/2026,FRT,-3000.0,396200,67021850000.0
2026-02-24 14:17:50,169.0,300,buy,2026-02-24_141750_1690000_300,24/02/2026,FRT,-2900.0,396500,67072550000.0
2026-02-24 14:17:55,168.9,500,sell,2026-02-24_141755_1689000_500,24/02/2026,FRT,-3000.0,397000,67157000000.0
2026-02-24 14:18:00,168.9,100,buy,2026-02-24_141800_1689000_100,24/02/2026,FRT,-3000.0,397100,67173890000.0
2026-02-24 14:18:21,168.9,100,buy,2026-02-24_141821_1689000_100,24/02/2026,FRT,-3000.0,397200,67190780000.0
2026-02-24 14:18:28,168.9,300,buy,2026-02-24_141828_1689000_300,24/02/2026,FRT,-3000.0,397500,67241450000.0
2026-02-24 14:18:30,168.9,100,buy,2026-02-24_141830_1689000_100,24/02/2026,FRT,-3000.0,397600,67258340000.0
2026-02-24 14:18:49,169.0,800,buy,2026-02-24_141849_1690000_800,24/02/2026,FRT,-2900.0,398400,67393540000.0
2026-02-24 14:18:50,168.9,1000,sell,2026-02-24_141850_1689000_1000,24/02/2026,FRT,-3000.0,399400,67562440000.0
2026-02-24 14:18:51,168.9,500,sell,2026-02-24_141851_1689000_500,24/02/2026,FRT,-3000.0,399900,67646890000.0
2026-02-24 14:19:03,169.0,600,buy,2026-02-24_141903_1690000_600,24/02/2026,FRT,-2900.0,400500,67748290000.0
2026-02-24 14:19:10,169.0,100,buy,2026-02-24_141910_1690000_100,24/02/2026,FRT,-2900.0,400600,67765190000.0
2026-02-24 14:19:42,168.5,1900,sell,2026-02-24_141942_1685000_1900,24/02/2026,FRT,-3400.0,405600,68608270000.0
2026-02-24 14:19:42,168.6,1600,sell,2026-02-24_141942_1686000_1600,24/02/2026,FRT,-3300.0,403700,68288120000.0
2026-02-24 14:19:42,168.7,300,sell,2026-02-24_141942_1687000_300,24/02/2026,FRT,-3200.0,402100,68018360000.0
2026-02-24 14:19:42,168.8,1200,sell,2026-02-24_141942_1688000_1200,24/02/2026,FRT,-3100.0,401800,67967750000.0
2026-02-24 14:19:44,169.0,2000,buy,2026-02-24_141944_1690000_2000,24/02/2026,FRT,-2900.0,407600,68946270000.0
2026-02-24 14:20:00,169.0,200,sell,2026-02-24_142000_1690000_200,24/02/2026,FRT,-2900.0,407800,68980070000.0
2026-02-24 14:20:15,169.1,100,buy,2026-02-24_142015_1691000_100,24/02/2026,FRT,-2800.0,407900,68996980000.0
2026-02-24 14:20:15,169.5,100,buy,2026-02-24_142015_1695000_100,24/02/2026,FRT,-2400.0,408000,69013930000.0
2026-02-24 14:20:42,169.5,3100,sell,2026-02-24_142042_1695000_3100,24/02/2026,FRT,-2400.0,411100,69539380000.0
2026-02-24 14:22:06,169.6,500,buy,2026-02-24_142206_1696000_500,24/02/2026,FRT,-2300.0,411600,69624180000.0
2026-02-24 14:22:37,169.6,400,buy,2026-02-24_142237_1696000_400,24/02/2026,FRT,-2300.0,412000,69692020000.0
2026-02-24 14:22:39,169.7,500,buy,2026-02-24_142239_1697000_500,24/02/2026,FRT,-2200.0,412500,69776870000.0
2026-02-24 14:22:42,169.6,100,sell,2026-02-24_142242_1696000_100,24/02/2026,FRT,-2300.0,412600,69793830000.0
2026-02-24 14:23:11,169.9,500,buy,2026-02-24_142311_1699000_500,24/02/2026,FRT,-2000.0,413100,69878780000.0
2026-02-24 14:23:25,170.0,800,buy,2026-02-24_142325_1700000_800,24/02/2026,FRT,-1900.0,414100,70048760000.0
2026-02-24 14:23:25,169.9,200,buy,2026-02-24_142325_1699000_200,24/02/2026,FRT,-2000.0,413300,69912760000.0
2026-02-24 14:23:28,170.0,300,sell,2026-02-24_142328_1700000_300,24/02/2026,FRT,-1900.0,414400,70099760000.0
2026-02-24 14:23:44,170.2,500,buy,2026-02-24_142344_1702000_500,24/02/2026,FRT,-1700.0,414900,70184860000.0
2026-02-24 14:24:17,170.2,500,buy,2026-02-24_142417_1702000_500,24/02/2026,FRT,-1700.0,415400,70269960000.0
2026-02-24 14:24:45,170.0,1800,sell,2026-02-24_142445_1700000_1800,24/02/2026,FRT,-1900.0,419000,70882140000.0
2026-02-24 14:24:45,170.1,800,sell,2026-02-24_142445_1701000_800,24/02/2026,FRT,-1800.0,417200,70576140000.0
2026-02-24 14:24:45,170.1,1000,sell,2026-02-24_142445_1701000_1000,24/02/2026,FRT,-1800.0,416400,70440060000.0
2026-02-24 14:25:37,169.6,1900,sell,2026-02-24_142537_1696000_1900,24/02/2026,FRT,-2300.0,420900,71204380000.0
2026-02-24 14:25:37,169.5,1500,sell,2026-02-24_142537_1695000_1500,24/02/2026,FRT,-2400.0,422400,71458630000.0
2026-02-24 14:25:53,169.5,100,sell,2026-02-24_142553_1695000_100,24/02/2026,FRT,-2400.0,422500,71475580000.0
2026-02-24 14:25:53,169.5,300,sell,2026-02-24_142553_1695000_300,24/02/2026,FRT,-2400.0,422800,71526430000.0
2026-02-24 14:26:25,169.0,3300,sell,2026-02-24_142625_1690000_3300,24/02/2026,FRT,-2900.0,427100,72253230000.0
2026-02-24 14:26:25,169.1,1000,sell,2026-02-24_142625_1691000_1000,24/02/2026,FRT,-2800.0,423800,71695530000.0
2026-02-24 14:27:05,168.8,300,sell,2026-02-24_142705_1688000_300,24/02/2026,FRT,-3100.0,428400,72472670000.0
2026-02-24 14:27:05,168.8,1000,sell,2026-02-24_142705_1688000_1000,24/02/2026,FRT,-3100.0,428100,72422030000.0
2026-02-24 14:27:34,169.0,700,buy,2026-02-24_142734_1690000_700,24/02/2026,FRT,-2900.0,429100,72590970000.0
2026-02-24 14:28:05,169.0,1200,sell,2026-02-24_142805_1690000_1200,24/02/2026,FRT,-2900.0,430300,72793770000.0
2026-02-24 14:28:39,169.0,700,sell,2026-02-24_142839_1690000_700,24/02/2026,FRT,-2900.0,431000,72912070000.0
2026-02-24 14:28:50,169.0,500,sell,2026-02-24_142850_1690000_500,24/02/2026,FRT,-2900.0,431500,72996570000.0
2026-02-24 14:28:55,169.0,1400,sell,2026-02-24_142855_1690000_1400,24/02/2026,FRT,-2900.0,433500,73334570000.0
2026-02-24 14:28:55,169.0,600,sell,2026-02-24_142855_1690000_600,24/02/2026,FRT,-2900.0,432100,73097970000.0
2026-02-24 14:29:00,169.3,100,buy,2026-02-24_142900_1693000_100,24/02/2026,FRT,-2600.0,433600,73351500000.0
2026-02-24 14:29:01,169.3,100,buy,2026-02-24_142901_1693000_100,24/02/2026,FRT,-2600.0,433700,73368430000.0
2026-02-24 14:29:12,169.3,500,buy,2026-02-24_142912_1693000_500,24/02/2026,FRT,-2600.0,434200,73453080000.0
2026-02-24 14:29:25,169.3,300,buy,2026-02-24_142925_1693000_300,24/02/2026,FRT,-2600.0,434500,73503870000.0
2026-02-24 14:29:28,169.3,700,sell,2026-02-24_142928_1693000_700,24/02/2026,FRT,-2600.0,435200,73622380000.0
2026-02-24 14:29:28,169.0,300,sell,2026-02-24_142928_1690000_300,24/02/2026,FRT,-2900.0,435500,73673080000.0
2026-02-24 14:29:50,169.0,400,sell,2026-02-24_142950_1690000_400,24/02/2026,FRT,-2900.0,436000,73757610000.0
2026-02-24 14:29:50,169.3,100,sell,2026-02-24_142950_1693000_100,24/02/2026,FRT,-2600.0,435600,73690010000.0
2026-02-24 14:45:11,171.0,104300,atc,2026-02-24_144511_1710000_104300,24/02/2026,FRT,-900.0,540300,91592910000.0
