time,price,volume,match_type,id,trading_date,symbol,price_change,accumulated_volume,accumulated_value
2026-02-13 13:18:47,26.95,5100,sell,2026-02-13_131847_269500_5100,13/02/2026,HPG,50.0,8316500,223501785000.0
2026-02-13 13:18:48,26.95,4000,sell,2026-02-13_131848_269500_4000,13/02/2026,HPG,50.0,8320500,223609585000.0
2026-02-13 13:18:49,26.95,8500,sell,2026-02-13_131849_269500_8500,13/02/2026,HPG,50.0,8329000,223838660000.0
2026-02-13 13:18:49,26.9,3100,sell,2026-02-13_131849_269000_3100,13/02/2026,HPG,0.0,8332100,223922050000.0
2026-02-13 13:18:53,26.95,500,sell,2026-02-13_131853_269500_500,13/02/2026,HPG,50.0,8332600,223935525000.0
2026-02-13 13:18:55,26.95,4900,sell,2026-02-13_131855_269500_4900,13/02/2026,HPG,50.0,8337500,224067580000.0
2026-02-13 13:18:57,26.95,1000,buy,2026-02-13_131857_269500_1000,13/02/2026,HPG,50.0,8338500,224094530000.0
2026-02-13 13:18:59,26.95,100,buy,2026-02-13_131859_269500_100,13/02/2026,HPG,50.0,8338600,224097225000.0
2026-02-13 13:19:01,26.95,23200,buy,2026-02-13_131901_269500_23200,13/02/2026,HPG,50.0,8362300,224735940000.0
2026-02-13 13:19:01,26.95,500,buy,2026-02-13_131901_269500_500,13/02/2026,HPG,50.0,8339100,224110700000.0
2026-02-13 13:19:02,26.95,1200,buy,2026-02-13_131902_269500_1200,13/02/2026,HPG,50.0,8363500,224768280000.0
2026-02-13 13:19:04,26.95,2000,buy,2026-02-13_131904_269500_2000,13/02/2026,HPG,50.0,8365500,224822180000.0
2026-02-13 13:19:06,26.95,200,buy,2026-02-13_131906_269500_200,13/02/2026,HPG,50.0,8365700,224827570000.0
2026-02-13 13:19:07,26.9,11600,sell,2026-02-13_131907_269000_11600,13/02/2026,HPG,0.0,8377300,225139610000.0
2026-02-13 13:19:15,26.95,1000,buy,2026-02-13_131915_269500_1000,13/02/2026,HPG,50.0,8378300,225166560000.0
2026-02-13 13:19:18,26.95,700,buy,2026-02-13_131918_269500_700,13/02/2026,HPG,50.0,8379000,225185425000.0
2026-02-13 13:19:20,26.95,200,buy,2026-02-13_131920_269500_200,13/02/2026,HPG,50.0,8379200,225190815000.0
2026-02-13 13:19:21,26.95,23200,buy,2026-02-13_131921_269500_23200,13/02/2026,HPG,50.0,8402400,225816055000.0
2026-02-13 13:19:22,26.95,10000,buy,2026-02-13_131922_269500_10000,13/02/2026,HPG,50.0,8412400,226085555000.0
2026-02-13 13:19:23,26.95,100,buy,2026-02-13_131923_269500_100,13/02/2026,HPG,50.0,8424100,226400290000.0
2026-02-13 13:19:23,26.9,11600,sell,2026-02-13_131923_269000_11600,13/02/2026,HPG,0.0,8424000,226397595000.0
2026-02-13 13:19:24,26.9,6500,sell,2026-02-13_131924_269000_6500,13/02/2026,HPG,0.0,8430600,226575140000.0
2026-02-13 13:19:25,26.95,200,buy,2026-02-13_131925_269500_200,13/02/2026,HPG,50.0,8430800,226580530000.0
2026-02-13 13:19:31,26.95,1000,buy,2026-02-13_131931_269500_1000,13/02/2026,HPG,50.0,8431800,226607480000.0
2026-02-13 13:19:34,26.9,100,sell,2026-02-13_131934_269000_100,13/02/2026,HPG,0.0,8431900,226610170000.0
2026-02-13 13:19:36,26.95,2000,buy,2026-02-13_131936_269500_2000,13/02/2026,HPG,50.0,8433900,226664070000.0
2026-02-13 13:19:39,26.95,11500,buy,2026-02-13_131939_269500_11500,13/02/2026,HPG,50.0,8445400,226973995000.0
2026-02-13 13:19:40,26.95,100,buy,2026-02-13_131940_269500_100,13/02/2026,HPG,50.0,8445500,226976690000.0
2026-02-13 13:19:41,26.95,23200,buy,2026-02-13_131941_269500_23200,13/02/2026,HPG,50.0,8468700,227601930000.0
2026-02-13 13:19:48,26.95,100,buy,2026-02-13_131948_269500_100,13/02/2026,HPG,50.0,8468800,227604625000.0
2026-02-13 13:19:48,26.9,11600,sell,2026-02-13_131948_269000_11600,13/02/2026,HPG,0.0,8480400,227916665000.0
2026-02-13 13:19:50,26.95,3500,buy,2026-02-13_131950_269500_3500,13/02/2026,HPG,50.0,8483900,228010990000.0
2026-02-13 13:19:51,26.95,500,buy,2026-02-13_131951_269500_500,13/02/2026,HPG,50.0,8484400,228024465000.0
2026-02-13 13:19:52,26.95,1000,buy,2026-02-13_131952_269500_1000,13/02/2026,HPG,50.0,8485400,228051415000.0
2026-02-13 13:19:52,26.95,500,buy,2026-02-13_131952_269500_500,13/02/2026,HPG,50.0,8485900,228064890000.0
2026-02-13 13:19:57,26.95,200,buy,2026-02-13_131957_269500_200,13/02/2026,HPG,50.0,8486100,228070280000.0
2026-02-13 13:19:59,26.95,200,buy,2026-02-13_131959_269500_200,13/02/2026,HPG,50.0,8486300,228075670000.0
2026-02-13 13:20:00,26.95,100,buy,2026-02-13_132000_269500_100,13/02/2026,HPG,50.0,8486400,228078365000.0
2026-02-13 13:20:01,26.95,100,buy,2026-02-13_132001_269500_100,13/02/2026,HPG,50.0,8486500,228081060000.0
2026-02-13 13:20:02,26.95,17600,buy,2026-02-13_132002_269500_17600,13/02/2026,HPG,50.0,8504100,228555380000.0
2026-02-13 13:20:03,26.95,900,sell,2026-02-13_132003_269500_900,13/02/2026,HPG,50.0,8505000,228579635000.0
2026-02-13 13:20:10,26.95,100,sell,2026-02-13_132010_269500_100,13/02/2026,HPG,50.0,8505100,228582330000.0
2026-02-13 13:20:15,26.95,4100,sell,2026-02-13_132015_269500_4100,13/02/2026,HPG,50.0,8509200,228692825000.0
2026-02-13 13:20:17,26.95,11600,sell,2026-02-13_132017_269500_11600,13/02/2026,HPG,50.0,8520800,229005445000.0
2026-02-13 13:20:20,26.95,1100,sell,2026-02-13_132020_269500_1100,13/02/2026,HPG,50.0,8521900,229035090000.0
2026-02-13 13:20:24,27.0,23200,buy,2026-02-13_132024_270000_23200,13/02/2026,HPG,100.0,8545100,229661490000.0
2026-02-13 13:20:24,27.0,400,buy,2026-02-13_132024_270000_400,13/02/2026,HPG,100.0,8545500,229672290000.0
2026-02-13 13:20:26,27.0,500,buy,2026-02-13_132026_270000_500,13/02/2026,HPG,100.0,8546000,229685790000.0
2026-02-13 13:20:31,27.0,500,buy,2026-02-13_132031_270000_500,13/02/2026,HPG,100.0,8546500,229699290000.0
2026-02-13 13:20:33,26.95,6500,sell,2026-02-13_132033_269500_6500,13/02/2026,HPG,50.0,8553000,229874465000.0
2026-02-13 13:20:38,26.95,11600,sell,2026-02-13_132038_269500_11600,13/02/2026,HPG,50.0,8564600,230187085000.0
2026-02-13 13:20:39,26.95,1000,sell,2026-02-13_132039_269500_1000,13/02/2026,HPG,50.0,8565600,230214035000.0
2026-02-13 13:20:41,26.95,18700,sell,2026-02-13_132041_269500_18700,13/02/2026,HPG,50.0,8584300,230718000000.0
2026-02-13 13:20:43,27.0,23200,buy,2026-02-13_132043_270000_23200,13/02/2026,HPG,100.0,8607500,231344400000.0
2026-02-13 13:20:48,27.0,300,buy,2026-02-13_132048_270000_300,13/02/2026,HPG,100.0,8607800,231352500000.0
2026-02-13 13:20:49,26.95,100,sell,2026-02-13_132049_269500_100,13/02/2026,HPG,50.0,8607900,231355195000.0
2026-02-13 13:20:53,26.95,200,sell,2026-02-13_132053_269500_200,13/02/2026,HPG,50.0,8608100,231360585000.0
2026-02-13 13:20:59,26.95,4100,sell,2026-02-13_132059_269500_4100,13/02/2026,HPG,50.0,8612200,231471080000.0
2026-02-13 13:21:00,27.0,700,buy,2026-02-13_132100_270000_700,13/02/2026,HPG,100.0,8612900,231489980000.0
2026-02-13 13:21:02,26.95,20000,sell,2026-02-13_132102_269500_20000,13/02/2026,HPG,50.0,8632900,232028980000.0
2026-02-13 13:21:03,27.0,23200,buy,2026-02-13_132103_270000_23200,13/02/2026,HPG,100.0,8656100,232655380000.0
2026-02-13 13:21:04,27.0,500,buy,2026-02-13_132104_270000_500,13/02/2026,HPG,100.0,8656600,232668880000.0
2026-02-13 13:21:05,26.95,8400,sell,2026-02-13_132105_269500_8400,13/02/2026,HPG,50.0,8665000,232895260000.0
2026-02-13 13:21:06,26.95,800,buy,2026-02-13_132106_269500_800,13/02/2026,HPG,50.0,8665800,232916820000.0
2026-02-13 13:21:07,26.95,500,buy,2026-02-13_132107_269500_500,13/02/2026,HPG,50.0,8666300,232930295000.0
2026-02-13 13:21:08,26.95,2200,buy,2026-02-13_132108_269500_2200,13/02/2026,HPG,50.0,8668500,232989585000.0
2026-02-13 13:21:09,26.95,100,buy,2026-02-13_132109_269500_100,13/02/2026,HPG,50.0,8668600,232992280000.0
2026-02-13 13:21:12,26.95,100,buy,2026-02-13_132112_269500_100,13/02/2026,HPG,50.0,8668700,232994975000.0
2026-02-13 13:21:13,26.95,500,buy,2026-02-13_132113_269500_500,13/02/2026,HPG,50.0,8669200,233008450000.0
2026-02-13 13:21:15,26.95,2000,buy,2026-02-13_132115_269500_2000,13/02/2026,HPG,50.0,8671200,233062350000.0
2026-02-13 13:21:16,26.95,100,buy,2026-02-13_132116_269500_100,13/02/2026,HPG,50.0,8671300,233065045000.0
2026-02-13 13:21:22,26.95,100,buy,2026-02-13_132122_269500_100,13/02/2026,HPG,50.0,8671400,233067740000.0
2026-02-13 13:21:23,26.95,9400,buy,2026-02-13_132123_269500_9400,13/02/2026,HPG,50.0,8681000,233326460000.0
2026-02-13 13:21:23,26.95,200,buy,2026-02-13_132123_269500_200,13/02/2026,HPG,50.0,8671600,233073130000.0
2026-02-13 13:21:25,26.95,11600,sell,2026-02-13_132125_269500_11600,13/02/2026,HPG,50.0,8692600,233639080000.0
2026-02-13 13:21:31,26.95,100,sell,2026-02-13_132131_269500_100,13/02/2026,HPG,50.0,8692700,233641775000.0
2026-02-13 13:21:32,26.95,12200,sell,2026-02-13_132132_269500_12200,13/02/2026,HPG,50.0,8704900,233970565000.0
2026-02-13 13:21:33,26.95,4000,buy,2026-02-13_132133_269500_4000,13/02/2026,HPG,50.0,8708900,234078365000.0
2026-02-13 13:21:33,26.95,500,buy,2026-02-13_132133_269500_500,13/02/2026,HPG,50.0,8709400,234091840000.0
2026-02-13 13:21:34,26.95,500,buy,2026-02-13_132134_269500_500,13/02/2026,HPG,50.0,8709900,234105315000.0
2026-02-13 13:21:36,26.95,1000,buy,2026-02-13_132136_269500_1000,13/02/2026,HPG,50.0,8710900,234132265000.0
2026-02-13 13:21:39,26.95,200,buy,2026-02-13_132139_269500_200,13/02/2026,HPG,50.0,8711100,234137655000.0
2026-02-13 13:21:40,26.95,600,buy,2026-02-13_132140_269500_600,13/02/2026,HPG,50.0,8711700,234153825000.0
2026-02-13 13:21:43,26.95,1000,buy,2026-02-13_132143_269500_1000,13/02/2026,HPG,50.0,8712700,234180775000.0
2026-02-13 13:21:44,26.95,7000,buy,2026-02-13_132144_269500_7000,13/02/2026,HPG,50.0,8719700,234369425000.0
2026-02-13 13:21:49,26.95,2700,buy,2026-02-13_132149_269500_2700,13/02/2026,HPG,50.0,8722400,234442190000.0
2026-02-13 13:22:04,26.95,6500,sell,2026-02-13_132204_269500_6500,13/02/2026,HPG,50.0,8728900,234617365000.0
2026-02-13 13:22:06,26.95,16000,sell,2026-02-13_132206_269500_16000,13/02/2026,HPG,50.0,8745600,235067465000.0
2026-02-13 13:22:06,27.0,700,buy,2026-02-13_132206_270000_700,13/02/2026,HPG,100.0,8729600,234636265000.0
2026-02-13 13:22:08,26.95,2200,sell,2026-02-13_132208_269500_2200,13/02/2026,HPG,50.0,8747800,235126755000.0
2026-02-13 13:22:10,27.0,23200,buy,2026-02-13_132210_270000_23200,13/02/2026,HPG,100.0,8771000,235753155000.0
2026-02-13 13:22:10,27.0,100,buy,2026-02-13_132210_270000_100,13/02/2026,HPG,100.0,8771100,235755855000.0
2026-02-13 13:22:12,27.0,100,buy,2026-02-13_132212_270000_100,13/02/2026,HPG,100.0,8771200,235758555000.0
2026-02-13 13:22:13,27.0,100,buy,2026-02-13_132213_270000_100,13/02/2026,HPG,100.0,8771300,235761255000.0
2026-02-13 13:22:17,26.9,3700,sell,2026-02-13_132217_269000_3700,13/02/2026,HPG,0.0,8782900,236073690000.0
2026-02-13 13:22:17,26.95,7900,sell,2026-02-13_132217_269500_7900,13/02/2026,HPG,50.0,8779200,235974160000.0
2026-02-13 13:22:25,26.95,1600,sell,2026-02-13_132225_269500_1600,13/02/2026,HPG,50.0,8784500,236116810000.0
2026-02-13 13:22:26,26.95,4100,sell,2026-02-13_132226_269500_4100,13/02/2026,HPG,50.0,8788600,236227305000.0
2026-02-13 13:22:30,27.0,23200,buy,2026-02-13_132230_270000_23200,13/02/2026,HPG,100.0,8811800,236853705000.0
2026-02-13 13:22:31,26.95,6500,sell,2026-02-13_132231_269500_6500,13/02/2026,HPG,50.0,8818300,237028880000.0
2026-02-13 13:22:37,26.95,100,sell,2026-02-13_132237_269500_100,13/02/2026,HPG,50.0,8818400,237031575000.0
2026-02-13 13:22:41,27.0,500,buy,2026-02-13_132241_270000_500,13/02/2026,HPG,100.0,8818900,237045075000.0
2026-02-13 13:22:43,26.95,1000,sell,2026-02-13_132243_269500_1000,13/02/2026,HPG,50.0,8819900,237072025000.0
2026-02-13 13:22:45,26.95,800,sell,2026-02-13_132245_269500_800,13/02/2026,HPG,50.0,8820700,237093585000.0
2026-02-13 13:22:51,27.0,23200,buy,2026-02-13_132251_270000_23200,13/02/2026,HPG,100.0,8843900,237719985000.0
2026-02-13 13:22:52,27.0,300,buy,2026-02-13_132252_270000_300,13/02/2026,HPG,100.0,8844200,237728085000.0
2026-02-13 13:22:57,26.95,11600,sell,2026-02-13_132257_269500_11600,13/02/2026,HPG,50.0,8855800,238040705000.0
2026-02-13 13:23:03,27.0,100,buy,2026-02-13_132303_270000_100,13/02/2026,HPG,100.0,8855900,238043405000.0
2026-02-13 13:23:04,26.95,500,sell,2026-02-13_132304_269500_500,13/02/2026,HPG,50.0,8856400,238056880000.0
2026-02-13 13:23:05,26.95,1000,sell,2026-02-13_132305_269500_1000,13/02/2026,HPG,50.0,8857400,238083830000.0
2026-02-13 13:23:07,26.95,200,sell,2026-02-13_132307_269500_200,13/02/2026,HPG,50.0,8857600,238089220000.0
2026-02-13 13:23:08,26.95,4100,sell,2026-02-13_132308_269500_4100,13/02/2026,HPG,50.0,8861700,238199715000.0
2026-02-13 13:23:10,26.95,4100,sell,2026-02-13_132310_269500_4100,13/02/2026,HPG,50.0,8865800,238310210000.0
2026-02-13 13:23:12,26.95,11600,sell,2026-02-13_132312_269500_11600,13/02/2026,HPG,50.0,8877400,238622830000.0
2026-02-13 13:23:13,27.0,23200,buy,2026-02-13_132313_270000_23200,13/02/2026,HPG,100.0,8900600,239249230000.0
2026-02-13 13:23:15,27.0,600,buy,2026-02-13_132315_270000_600,13/02/2026,HPG,100.0,8901200,239265430000.0
2026-02-13 13:23:18,27.0,600,buy,2026-02-13_132318_270000_600,13/02/2026,HPG,100.0,8901800,239281630000.0
2026-02-13 13:23:19,26.95,200,sell,2026-02-13_132319_269500_200,13/02/2026,HPG,50.0,8902000,239287020000.0
2026-02-13 13:23:21,26.95,100,sell,2026-02-13_132321_269500_100,13/02/2026,HPG,50.0,8902100,239289715000.0
2026-02-13 13:23:22,27.0,300,buy,2026-02-13_132322_270000_300,13/02/2026,HPG,100.0,8902400,239297815000.0
2026-02-13 13:23:24,27.0,100,buy,2026-02-13_132324_270000_100,13/02/2026,HPG,100.0,8902500,239300515000.0
2026-02-13 13:23:29,27.0,200,buy,2026-02-13_132329_270000_200,13/02/2026,HPG,100.0,8902700,239305915000.0
2026-02-13 13:23:34,27.0,100,buy,2026-02-13_132334_270000_100,13/02/2026,HPG,100.0,8902800,239308615000.0
2026-02-13 13:23:35,27.0,100,buy,2026-02-13_132335_270000_100,13/02/2026,HPG,100.0,8902900,239311315000.0
2026-02-13 13:23:38,27.0,23200,buy,2026-02-13_132338_270000_23200,13/02/2026,HPG,100.0,8926100,239937715000.0
2026-02-13 13:23:40,26.95,500,sell,2026-02-13_132340_269500_500,13/02/2026,HPG,50.0,8926600,239951190000.0
2026-02-13 13:23:44,26.95,300,sell,2026-02-13_132344_269500_300,13/02/2026,HPG,50.0,8926900,239959275000.0
2026-02-13 13:23:49,27.0,600,buy,2026-02-13_132349_270000_600,13/02/2026,HPG,100.0,8927500,239975475000.0
2026-02-13 13:23:55,27.0,400,buy,2026-02-13_132355_270000_400,13/02/2026,HPG,100.0,8927900,239986275000.0
2026-02-13 13:23:58,27.0,900,buy,2026-02-13_132358_270000_900,13/02/2026,HPG,100.0,8928800,240010575000.0
2026-02-13 13:24:01,27.0,23200,buy,2026-02-13_132401_270000_23200,13/02/2026,HPG,100.0,8952000,240636975000.0
2026-02-13 13:24:02,27.0,100,buy,2026-02-13_132402_270000_100,13/02/2026,HPG,100.0,8952100,240639675000.0
2026-02-13 13:24:10,27.0,100,buy,2026-02-13_132410_270000_100,13/02/2026,HPG,100.0,8952200,240642375000.0
2026-02-13 13:24:12,27.0,1100,buy,2026-02-13_132412_270000_1100,13/02/2026,HPG,100.0,8953300,240672075000.0
2026-02-13 13:24:17,26.95,10000,sell,2026-02-13_132417_269500_10000,13/02/2026,HPG,50.0,8963300,240941575000.0
2026-02-13 13:24:22,27.0,200,buy,2026-02-13_132422_270000_200,13/02/2026,HPG,100.0,8963500,240946975000.0
2026-02-13 13:24:23,27.0,400,buy,2026-02-13_132423_270000_400,13/02/2026,HPG,100.0,8963900,240957775000.0
2026-02-13 13:24:24,27.0,23200,buy,2026-02-13_132424_270000_23200,13/02/2026,HPG,100.0,8987100,241584175000.0
2026-02-13 13:24:30,26.95,6800,sell,2026-02-13_132430_269500_6800,13/02/2026,HPG,50.0,8993900,241767435000.0
2026-02-13 13:24:34,27.0,300,buy,2026-02-13_132434_270000_300,13/02/2026,HPG,100.0,8994200,241775535000.0
2026-02-13 13:24:36,27.0,100,buy,2026-02-13_132436_270000_100,13/02/2026,HPG,100.0,8994300,241778235000.0
2026-02-13 13:24:38,27.0,400,buy,2026-02-13_132438_270000_400,13/02/2026,HPG,100.0,8994700,241789035000.0
2026-02-13 13:24:39,27.0,500,buy,2026-02-13_132439_270000_500,13/02/2026,HPG,100.0,8995200,241802535000.0
2026-02-13 13:24:41,27.0,600,buy,2026-02-13_132441_270000_600,13/02/2026,HPG,100.0,8995800,241818735000.0
2026-02-13 13:24:48,27.0,23200,buy,2026-02-13_132448_270000_23200,13/02/2026,HPG,100.0,9019000,242445135000.0
2026-02-13 13:24:48,26.95,6500,sell,2026-02-13_132448_269500_6500,13/02/2026,HPG,50.0,9025500,242620310000.0
2026-02-13 13:24:55,27.0,500,buy,2026-02-13_132455_270000_500,13/02/2026,HPG,100.0,9026000,242633810000.0
2026-02-13 13:24:57,27.0,500,buy,2026-02-13_132457_270000_500,13/02/2026,HPG,100.0,9026500,242647310000.0
2026-02-13 13:25:04,26.95,12200,sell,2026-02-13_132504_269500_12200,13/02/2026,HPG,50.0,9038700,242976100000.0
2026-02-13 13:25:06,26.95,1000,sell,2026-02-13_132506_269500_1000,13/02/2026,HPG,50.0,9039700,243003050000.0
2026-02-13 13:25:07,27.0,100,buy,2026-02-13_132507_270000_100,13/02/2026,HPG,100.0,9039800,243005750000.0
2026-02-13 13:25:13,27.0,23200,buy,2026-02-13_132513_270000_23200,13/02/2026,HPG,100.0,9063000,243632150000.0
2026-02-13 13:25:15,27.0,100,buy,2026-02-13_132515_270000_100,13/02/2026,HPG,100.0,9063100,243634850000.0
2026-02-13 13:25:16,27.0,100,buy,2026-02-13_132516_270000_100,13/02/2026,HPG,100.0,9063200,243637550000.0
2026-02-13 13:25:22,27.0,500,buy,2026-02-13_132522_270000_500,13/02/2026,HPG,100.0,9063700,243651050000.0
2026-02-13 13:25:24,27.0,14000,buy,2026-02-13_132524_270000_14000,13/02/2026,HPG,100.0,9077700,244029050000.0
2026-02-13 13:25:25,27.0,100,buy,2026-02-13_132525_270000_100,13/02/2026,HPG,100.0,9077800,244031750000.0
2026-02-13 13:25:30,27.0,600,buy,2026-02-13_132530_270000_600,13/02/2026,HPG,100.0,9078400,244047950000.0
2026-02-13 13:25:33,27.0,100,buy,2026-02-13_132533_270000_100,13/02/2026,HPG,100.0,9078500,244050650000.0
2026-02-13 13:25:35,27.0,400,buy,2026-02-13_132535_270000_400,13/02/2026,HPG,100.0,9078900,244061450000.0
2026-02-13 13:25:36,27.0,100,buy,2026-02-13_132536_270000_100,13/02/2026,HPG,100.0,9079000,244064150000.0
2026-02-13 13:25:37,27.0,100,buy,2026-02-13_132537_270000_100,13/02/2026,HPG,100.0,9079100,244066850000.0
2026-02-13 13:25:38,26.95,400,sell,2026-02-13_132538_269500_400,13/02/2026,HPG,50.0,9079500,244077630000.0
2026-02-13 13:25:42,26.95,300,sell,2026-02-13_132542_269500_300,13/02/2026,HPG,50.0,9079900,244088415000.0
2026-02-13 13:25:42,27.0,100,buy,2026-02-13_132542_270000_100,13/02/2026,HPG,100.0,9079600,244080330000.0
2026-02-13 13:25:44,27.0,100,buy,2026-02-13_132544_270000_100,13/02/2026,HPG,100.0,9080000,244091115000.0
2026-02-13 13:25:45,27.0,100,buy,2026-02-13_132545_270000_100,13/02/2026,HPG,100.0,9080100,244093815000.0
2026-02-13 13:25:47,27.0,100,buy,2026-02-13_132547_270000_100,13/02/2026,HPG,100.0,9080200,244096515000.0
2026-02-13 13:25:53,27.0,100,buy,2026-02-13_132553_270000_100,13/02/2026,HPG,100.0,9080300,244099215000.0
2026-02-13 13:26:00,27.0,400,buy,2026-02-13_132600_270000_400,13/02/2026,HPG,100.0,9080700,244110015000.0
2026-02-13 13:26:02,27.0,600,buy,2026-02-13_132602_270000_600,13/02/2026,HPG,100.0,9081300,244126215000.0
2026-02-13 13:26:04,27.0,600,buy,2026-02-13_132604_270000_600,13/02/2026,HPG,100.0,9081900,244142415000.0
2026-02-13 13:26:05,27.0,100,buy,2026-02-13_132605_270000_100,13/02/2026,HPG,100.0,9082000,244145115000.0
2026-02-13 13:26:06,27.0,100,buy,2026-02-13_132606_270000_100,13/02/2026,HPG,100.0,9082400,244155915000.0
2026-02-13 13:26:06,27.0,300,buy,2026-02-13_132606_270000_300,13/02/2026,HPG,100.0,9082300,244153215000.0
2026-02-13 13:26:07,27.0,2000,buy,2026-02-13_132607_270000_2000,13/02/2026,HPG,100.0,9084400,244209915000.0
2026-02-13 13:26:08,27.0,300,buy,2026-02-13_132608_270000_300,13/02/2026,HPG,100.0,9084700,244218015000.0
2026-02-13 13:26:10,27.0,800,buy,2026-02-13_132610_270000_800,13/02/2026,HPG,100.0,9085500,244239615000.0
2026-02-13 13:26:13,26.95,500,sell,2026-02-13_132613_269500_500,13/02/2026,HPG,50.0,9086000,244253090000.0
2026-02-13 13:26:16,26.95,100,sell,2026-02-13_132616_269500_100,13/02/2026,HPG,50.0,9086100,244255785000.0
2026-02-13 13:26:19,26.95,500,sell,2026-02-13_132619_269500_500,13/02/2026,HPG,50.0,9086600,244269260000.0
2026-02-13 13:26:22,27.0,100,buy,2026-02-13_132622_270000_100,13/02/2026,HPG,100.0,9086700,244271960000.0
2026-02-13 13:26:34,27.0,500,buy,2026-02-13_132634_270000_500,13/02/2026,HPG,100.0,9087200,244285460000.0
2026-02-13 13:26:35,27.0,2000,buy,2026-02-13_132635_270000_2000,13/02/2026,HPG,100.0,9089200,244339460000.0
2026-02-13 13:26:37,27.0,600,buy,2026-02-13_132637_270000_600,13/02/2026,HPG,100.0,9089800,244355660000.0
2026-02-13 13:26:39,26.95,100,sell,2026-02-13_132639_269500_100,13/02/2026,HPG,50.0,9089900,244358355000.0
2026-02-13 13:26:43,27.0,100,buy,2026-02-13_132643_270000_100,13/02/2026,HPG,100.0,9090000,244361055000.0
2026-02-13 13:26:44,27.0,600,buy,2026-02-13_132644_270000_600,13/02/2026,HPG,100.0,9090600,244377255000.0
2026-02-13 13:26:46,26.95,2000,sell,2026-02-13_132646_269500_2000,13/02/2026,HPG,50.0,9092600,244431155000.0
2026-02-13 13:26:49,26.95,4100,sell,2026-02-13_132649_269500_4100,13/02/2026,HPG,50.0,9096700,244541650000.0
2026-02-13 13:26:52,27.0,2000,buy,2026-02-13_132652_270000_2000,13/02/2026,HPG,100.0,9098700,244595650000.0
2026-02-13 13:26:56,27.0,100,buy,2026-02-13_132656_270000_100,13/02/2026,HPG,100.0,9098800,244598350000.0
2026-02-13 13:27:02,27.0,500,buy,2026-02-13_132702_270000_500,13/02/2026,HPG,100.0,9099300,244611850000.0
2026-02-13 13:27:04,26.95,500,sell,2026-02-13_132704_269500_500,13/02/2026,HPG,50.0,9099800,244625325000.0
2026-02-13 13:27:06,27.0,100,buy,2026-02-13_132706_270000_100,13/02/2026,HPG,100.0,9099900,244628025000.0
2026-02-13 13:27:09,27.0,100,buy,2026-02-13_132709_270000_100,13/02/2026,HPG,100.0,9100000,244630725000.0
2026-02-13 13:27:11,26.95,50000,sell,2026-02-13_132711_269500_50000,13/02/2026,HPG,50.0,9150600,245994425000.0
2026-02-13 13:27:11,26.95,8000,sell,2026-02-13_132711_269500_8000,13/02/2026,HPG,50.0,9158600,246210025000.0
2026-02-13 13:27:11,27.0,600,buy,2026-02-13_132711_270000_600,13/02/2026,HPG,100.0,9100600,244646925000.0
2026-02-13 13:27:22,26.95,50000,sell,2026-02-13_132722_269500_50000,13/02/2026,HPG,50.0,9208600,247557525000.0
2026-02-13 13:27:22,26.95,7200,sell,2026-02-13_132722_269500_7200,13/02/2026,HPG,50.0,9215800,247751565000.0
2026-02-13 13:27:25,26.95,500,sell,2026-02-13_132725_269500_500,13/02/2026,HPG,50.0,9216300,247765040000.0
2026-02-13 13:27:29,26.95,12200,sell,2026-02-13_132729_269500_12200,13/02/2026,HPG,50.0,9228500,248093830000.0
2026-02-13 13:27:32,26.95,3000,buy,2026-02-13_132732_269500_3000,13/02/2026,HPG,50.0,9231500,248174680000.0
2026-02-13 13:27:33,26.95,100,buy,2026-02-13_132733_269500_100,13/02/2026,HPG,50.0,9231600,248177375000.0
2026-02-13 13:27:34,26.95,5800,buy,2026-02-13_132734_269500_5800,13/02/2026,HPG,50.0,9237400,248333685000.0
2026-02-13 13:27:38,26.95,200,buy,2026-02-13_132738_269500_200,13/02/2026,HPG,50.0,9237600,248339075000.0
2026-02-13 13:27:38,26.9,200,sell,2026-02-13_132738_269000_200,13/02/2026,HPG,0.0,9237800,248344455000.0
2026-02-13 13:27:39,26.95,5000,buy,2026-02-13_132739_269500_5000,13/02/2026,HPG,50.0,9242800,248479205000.0
2026-02-13 13:27:40,26.95,2100,buy,2026-02-13_132740_269500_2100,13/02/2026,HPG,50.0,9244900,248535800000.0
2026-02-13 13:27:42,26.95,600,buy,2026-02-13_132742_269500_600,13/02/2026,HPG,50.0,9245500,248551970000.0
2026-02-13 13:27:45,26.95,500,buy,2026-02-13_132745_269500_500,13/02/2026,HPG,50.0,9246000,248565445000.0
2026-02-13 13:27:53,26.95,3000,buy,2026-02-13_132753_269500_3000,13/02/2026,HPG,50.0,9249000,248646295000.0
2026-02-13 13:27:55,26.95,300,buy,2026-02-13_132755_269500_300,13/02/2026,HPG,50.0,9249300,248654380000.0
2026-02-13 13:27:56,26.95,100,buy,2026-02-13_132756_269500_100,13/02/2026,HPG,50.0,9249400,248657075000.0
2026-02-13 13:27:57,26.95,1000,buy,2026-02-13_132757_269500_1000,13/02/2026,HPG,50.0,9250400,248684025000.0
2026-02-13 13:28:07,26.95,500,buy,2026-02-13_132807_269500_500,13/02/2026,HPG,50.0,9250900,248697500000.0
2026-02-13 13:28:09,26.95,100,buy,2026-02-13_132809_269500_100,13/02/2026,HPG,50.0,9251000,248700195000.0
2026-02-13 13:28:14,26.95,600,buy,2026-02-13_132814_269500_600,13/02/2026,HPG,50.0,9251600,248716365000.0
2026-02-13 13:28:19,26.95,1200,buy,2026-02-13_132819_269500_1200,13/02/2026,HPG,50.0,9253600,248770265000.0
2026-02-13 13:28:19,26.95,800,buy,2026-02-13_132819_269500_800,13/02/2026,HPG,50.0,9252400,248737925000.0
2026-02-13 13:28:22,26.95,1000,buy,2026-02-13_132822_269500_1000,13/02/2026,HPG,50.0,9254600,248797215000.0
2026-02-13 13:28:23,26.95,1000,buy,2026-02-13_132823_269500_1000,13/02/2026,HPG,50.0,9255600,248824165000.0
2026-02-13 13:28:27,26.95,300,buy,2026-02-13_132827_269500_300,13/02/2026,HPG,50.0,9255900,248832250000.0
2026-02-13 13:28:35,26.95,2000,buy,2026-02-13_132835_269500_2000,13/02/2026,HPG,50.0,9257900,248886150000.0
2026-02-13 13:28:38,26.9,100,sell,2026-02-13_132838_269000_100,13/02/2026,HPG,0.0,9258000,248888840000.0
2026-02-13 13:28:40,26.95,50000,buy,2026-02-13_132840_269500_50000,13/02/2026,HPG,50.0,9308000,250236340000.0
2026-02-13 13:28:43,26.95,1600,buy,2026-02-13_132843_269500_1600,13/02/2026,HPG,50.0,9309600,250279460000.0
2026-02-13 13:28:45,26.95,1100,buy,2026-02-13_132845_269500_1100,13/02/2026,HPG,50.0,9310700,250309105000.0
2026-02-13 13:28:47,26.95,39400,buy,2026-02-13_132847_269500_39400,13/02/2026,HPG,50.0,9350100,251370935000.0
2026-02-13 13:28:49,26.95,50000,sell,2026-02-13_132849_269500_50000,13/02/2026,HPG,50.0,9400100,252718435000.0
2026-02-13 13:28:49,26.95,400,sell,2026-02-13_132849_269500_400,13/02/2026,HPG,50.0,9400500,252729215000.0
2026-02-13 13:28:51,26.95,2300,buy,2026-02-13_132851_269500_2300,13/02/2026,HPG,50.0,9402800,252791200000.0
2026-02-13 13:28:53,27.0,500,buy,2026-02-13_132853_270000_500,13/02/2026,HPG,100.0,9403300,252804700000.0
2026-02-13 13:28:55,26.95,2000,sell,2026-02-13_132855_269500_2000,13/02/2026,HPG,50.0,9405300,252858600000.0
2026-02-13 13:28:57,26.95,400,sell,2026-02-13_132857_269500_400,13/02/2026,HPG,50.0,9405700,252869380000.0
2026-02-13 13:29:00,26.95,300,sell,2026-02-13_132900_269500_300,13/02/2026,HPG,50.0,9406000,252877465000.0
2026-02-13 13:29:01,26.95,2600,sell,2026-02-13_132901_269500_2600,13/02/2026,HPG,50.0,9412400,253049945000.0
2026-02-13 13:29:01,26.95,3800,buy,2026-02-13_132901_269500_3800,13/02/2026,HPG,50.0,9409800,252979875000.0
2026-02-13 13:29:03,26.95,10000,buy,2026-02-13_132903_269500_10000,13/02/2026,HPG,50.0,9422400,253319445000.0
2026-02-13 13:29:04,26.95,300,buy,2026-02-13_132904_269500_300,13/02/2026,HPG,50.0,9422700,253327530000.0
2026-02-13 13:29:06,26.95,100,buy,2026-02-13_132906_269500_100,13/02/2026,HPG,50.0,9422800,253330225000.0
2026-02-13 13:29:08,26.95,6500,buy,2026-02-13_132908_269500_6500,13/02/2026,HPG,50.0,9429300,253505400000.0
2026-02-13 13:29:11,26.95,400,buy,2026-02-13_132911_269500_400,13/02/2026,HPG,50.0,9429700,253516180000.0
2026-02-13 13:29:15,26.95,16800,buy,2026-02-13_132915_269500_16800,13/02/2026,HPG,50.0,9446500,253968940000.0
2026-02-13 13:29:16,26.95,3200,sell,2026-02-13_132916_269500_3200,13/02/2026,HPG,50.0,9449700,254055180000.0
2026-02-13 13:29:20,26.95,300,buy,2026-02-13_132920_269500_300,13/02/2026,HPG,50.0,9450000,254063265000.0
2026-02-13 13:29:20,26.95,500,buy,2026-02-13_132920_269500_500,13/02/2026,HPG,50.0,9450500,254076740000.0
2026-02-13 13:29:21,26.95,500,buy,2026-02-13_132921_269500_500,13/02/2026,HPG,50.0,9451000,254090215000.0
2026-02-13 13:29:23,26.95,100,buy,2026-02-13_132923_269500_100,13/02/2026,HPG,50.0,9451100,254092910000.0
2026-02-13 13:29:23,26.95,5600,buy,2026-02-13_132923_269500_5600,13/02/2026,HPG,50.0,9456700,254243830000.0
2026-02-13 13:29:27,27.0,500,buy,2026-02-13_132927_270000_500,13/02/2026,HPG,100.0,9457200,254257330000.0
2026-02-13 13:29:29,27.0,500,buy,2026-02-13_132929_270000_500,13/02/2026,HPG,100.0,9457800,254273525000.0
2026-02-13 13:29:29,26.95,100,sell,2026-02-13_132929_269500_100,13/02/2026,HPG,50.0,9457300,254260025000.0
2026-02-13 13:29:31,26.95,1300,sell,2026-02-13_132931_269500_1300,13/02/2026,HPG,50.0,9459100,254308560000.0
2026-02-13 13:29:37,26.95,36100,sell,2026-02-13_132937_269500_36100,13/02/2026,HPG,50.0,9495200,255281455000.0
2026-02-13 13:29:38,26.95,1000,buy,2026-02-13_132938_269500_1000,13/02/2026,HPG,50.0,9496200,255308405000.0
2026-02-13 13:29:41,26.95,13500,buy,2026-02-13_132941_269500_13500,13/02/2026,HPG,50.0,9509700,255672230000.0
2026-02-13 13:29:43,26.95,1900,sell,2026-02-13_132943_269500_1900,13/02/2026,HPG,50.0,9511600,255723435000.0
2026-02-13 13:29:50,26.95,500,buy,2026-02-13_132950_269500_500,13/02/2026,HPG,50.0,9512100,255736910000.0
2026-02-13 13:29:56,26.95,4500,buy,2026-02-13_132956_269500_4500,13/02/2026,HPG,50.0,9516600,255858185000.0
2026-02-13 13:29:59,26.95,700,buy,2026-02-13_132959_269500_700,13/02/2026,HPG,50.0,9517300,255877050000.0
2026-02-13 13:30:00,26.9,10000,sell,2026-02-13_133000_269000_10000,13/02/2026,HPG,0.0,9527300,256146050000.0
2026-02-13 13:30:02,26.95,500,buy,2026-02-13_133002_269500_500,13/02/2026,HPG,50.0,9527800,256159525000.0
2026-02-13 13:30:04,26.95,3900,buy,2026-02-13_133004_269500_3900,13/02/2026,HPG,50.0,9531700,256264630000.0
2026-02-13 13:30:05,26.95,200,buy,2026-02-13_133005_269500_200,13/02/2026,HPG,50.0,9531900,256270020000.0
2026-02-13 13:30:07,26.95,100,buy,2026-02-13_133007_269500_100,13/02/2026,HPG,50.0,9532000,256272715000.0
2026-02-13 13:30:11,26.95,1200,buy,2026-02-13_133011_269500_1200,13/02/2026,HPG,50.0,9533200,256305055000.0
2026-02-13 13:30:12,26.95,100,buy,2026-02-13_133012_269500_100,13/02/2026,HPG,50.0,9533300,256307750000.0
2026-02-13 13:30:15,26.95,4900,buy,2026-02-13_133015_269500_4900,13/02/2026,HPG,50.0,9538200,256439805000.0
2026-02-13 13:30:17,26.95,5000,sell,2026-02-13_133017_269500_5000,13/02/2026,HPG,50.0,9543200,256574555000.0
2026-02-13 13:30:20,26.95,100,buy,2026-02-13_133020_269500_100,13/02/2026,HPG,50.0,9543500,256582640000.0
2026-02-13 13:30:20,26.95,200,sell,2026-02-13_133020_269500_200,13/02/2026,HPG,50.0,9543400,256579945000.0
2026-02-13 13:30:22,26.95,100,buy,2026-02-13_133022_269500_100,13/02/2026,HPG,50.0,9543700,256588030000.0
2026-02-13 13:30:25,26.95,600,sell,2026-02-13_133025_269500_600,13/02/2026,HPG,50.0,9544300,256604200000.0
2026-02-13 13:30:26,26.95,300,buy,2026-02-13_133026_269500_300,13/02/2026,HPG,50.0,9544600,256612285000.0
2026-02-13 13:30:28,26.95,100,buy,2026-02-13_133028_269500_100,13/02/2026,HPG,50.0,9544700,256614980000.0
2026-02-13 13:30:31,26.95,100,buy,2026-02-13_133031_269500_100,13/02/2026,HPG,50.0,9544800,256617675000.0
2026-02-13 13:30:34,26.95,500,buy,2026-02-13_133034_269500_500,13/02/2026,HPG,50.0,9545300,256631150000.0
2026-02-13 13:30:36,26.95,1000,buy,2026-02-13_133036_269500_1000,13/02/2026,HPG,50.0,9546300,256658100000.0
2026-02-13 13:30:43,26.95,7500,buy,2026-02-13_133043_269500_7500,13/02/2026,HPG,50.0,9553800,256860225000.0
2026-02-13 13:30:45,26.95,5000,sell,2026-02-13_133045_269500_5000,13/02/2026,HPG,50.0,9558800,256994975000.0
2026-02-13 13:30:46,26.95,2000,sell,2026-02-13_133046_269500_2000,13/02/2026,HPG,50.0,9560800,257048875000.0
2026-02-13 13:30:46,26.95,16200,sell,2026-02-13_133046_269500_16200,13/02/2026,HPG,50.0,9577000,257485465000.0
2026-02-13 13:30:50,26.95,200,buy,2026-02-13_133050_269500_200,13/02/2026,HPG,50.0,9577200,257490855000.0
2026-02-13 13:30:52,26.95,500,buy,2026-02-13_133052_269500_500,13/02/2026,HPG,50.0,9577700,257504330000.0
2026-02-13 13:30:57,26.95,800,buy,2026-02-13_133057_269500_800,13/02/2026,HPG,50.0,9578500,257525890000.0
2026-02-13 13:31:00,26.95,200,buy,2026-02-13_133100_269500_200,13/02/2026,HPG,50.0,9578700,257531280000.0
2026-02-13 13:31:03,26.95,1000,buy,2026-02-13_133103_269500_1000,13/02/2026,HPG,50.0,9579700,257558230000.0
2026-02-13 13:31:05,26.95,100,buy,2026-02-13_133105_269500_100,13/02/2026,HPG,50.0,9579800,257560925000.0
2026-02-13 13:31:08,26.95,700,buy,2026-02-13_133108_269500_700,13/02/2026,HPG,50.0,9580500,257579790000.0
2026-02-13 13:31:12,26.9,200,sell,2026-02-13_133112_269000_200,13/02/2026,HPG,0.0,9580700,257585170000.0
2026-02-13 13:31:18,26.95,5000,buy,2026-02-13_133118_269500_5000,13/02/2026,HPG,50.0,9585700,257719920000.0
2026-02-13 13:31:25,26.95,400,buy,2026-02-13_133125_269500_400,13/02/2026,HPG,50.0,9586100,257730700000.0
2026-02-13 13:31:26,26.95,100,buy,2026-02-13_133126_269500_100,13/02/2026,HPG,50.0,9586200,257733395000.0
2026-02-13 13:31:27,26.95,7700,buy,2026-02-13_133127_269500_7700,13/02/2026,HPG,50.0,9593900,257940910000.0
2026-02-13 13:31:29,26.95,300,buy,2026-02-13_133129_269500_300,13/02/2026,HPG,50.0,9594200,257948995000.0
2026-02-13 13:31:33,26.95,500,buy,2026-02-13_133133_269500_500,13/02/2026,HPG,50.0,9594700,257962470000.0
2026-02-13 13:31:35,26.95,200,buy,2026-02-13_133135_269500_200,13/02/2026,HPG,50.0,9594900,257967860000.0
2026-02-13 13:31:39,26.95,500,buy,2026-02-13_133139_269500_500,13/02/2026,HPG,50.0,9596000,257997500000.0
2026-02-13 13:31:39,26.9,100,sell,2026-02-13_133139_269000_100,13/02/2026,HPG,0.0,9595000,257970550000.0
2026-02-13 13:31:41,26.95,1500,buy,2026-02-13_133141_269500_1500,13/02/2026,HPG,50.0,9597500,258037925000.0
2026-02-13 13:31:46,26.95,200,buy,2026-02-13_133146_269500_200,13/02/2026,HPG,50.0,9597700,258043315000.0
2026-02-13 13:31:48,26.95,100,buy,2026-02-13_133148_269500_100,13/02/2026,HPG,50.0,9597800,258046010000.0
2026-02-13 13:31:50,26.95,300,buy,2026-02-13_133150_269500_300,13/02/2026,HPG,50.0,9598100,258054095000.0
2026-02-13 13:31:54,26.95,100,buy,2026-02-13_133154_269500_100,13/02/2026,HPG,50.0,9598200,258056790000.0
2026-02-13 13:32:01,26.95,100,buy,2026-02-13_133201_269500_100,13/02/2026,HPG,50.0,9598300,258059485000.0
2026-02-13 13:32:02,26.95,100,buy,2026-02-13_133202_269500_100,13/02/2026,HPG,50.0,9598400,258062180000.0
2026-02-13 13:32:04,26.95,500,buy,2026-02-13_133204_269500_500,13/02/2026,HPG,50.0,9598900,258075655000.0
2026-02-13 13:32:06,26.95,200,buy,2026-02-13_133206_269500_200,13/02/2026,HPG,50.0,9599100,258081045000.0
2026-02-13 13:32:09,26.95,600,buy,2026-02-13_133209_269500_600,13/02/2026,HPG,50.0,9599700,258097215000.0
2026-02-13 13:32:09,26.95,400,buy,2026-02-13_133209_269500_400,13/02/2026,HPG,50.0,9600100,258107995000.0
2026-02-13 13:32:15,26.95,500,buy,2026-02-13_133215_269500_500,13/02/2026,HPG,50.0,9600600,258121470000.0
2026-02-13 13:32:16,26.95,600,buy,2026-02-13_133216_269500_600,13/02/2026,HPG,50.0,9601200,258137640000.0
2026-02-13 13:32:23,26.95,25000,buy,2026-02-13_133223_269500_25000,13/02/2026,HPG,50.0,9626200,258811390000.0
2026-02-13 13:32:24,26.95,200,buy,2026-02-13_133224_269500_200,13/02/2026,HPG,50.0,9626400,258816780000.0
2026-02-13 13:32:25,26.9,200,sell,2026-02-13_133225_269000_200,13/02/2026,HPG,0.0,9626600,258822160000.0
2026-02-13 13:32:27,26.95,200,buy,2026-02-13_133227_269500_200,13/02/2026,HPG,50.0,9626800,258827550000.0
2026-02-13 13:32:28,26.95,100,buy,2026-02-13_133228_269500_100,13/02/2026,HPG,50.0,9626900,258830245000.0
2026-02-13 13:32:31,26.95,3000,buy,2026-02-13_133231_269500_3000,13/02/2026,HPG,50.0,9629900,258911095000.0
2026-02-13 13:32:32,26.95,1800,buy,2026-02-13_133232_269500_1800,13/02/2026,HPG,50.0,9631700,258959605000.0
2026-02-13 13:32:43,26.95,300,buy,2026-02-13_133243_269500_300,13/02/2026,HPG,50.0,9632100,258970385000.0
2026-02-13 13:32:43,26.95,100,buy,2026-02-13_133243_269500_100,13/02/2026,HPG,50.0,9631800,258962300000.0
2026-02-13 13:32:45,26.95,100,buy,2026-02-13_133245_269500_100,13/02/2026,HPG,50.0,9632200,258973080000.0
2026-02-13 13:32:46,26.95,2000,buy,2026-02-13_133246_269500_2000,13/02/2026,HPG,50.0,9634200,259026980000.0
2026-02-13 13:32:49,26.95,600,buy,2026-02-13_133249_269500_600,13/02/2026,HPG,50.0,9634800,259043150000.0
2026-02-13 13:32:51,26.95,500,buy,2026-02-13_133251_269500_500,13/02/2026,HPG,50.0,9635300,259056625000.0
2026-02-13 13:32:55,26.95,1500,buy,2026-02-13_133255_269500_1500,13/02/2026,HPG,50.0,9636800,259097050000.0
2026-02-13 13:33:01,26.95,1000,buy,2026-02-13_133301_269500_1000,13/02/2026,HPG,50.0,9637800,259124000000.0
2026-02-13 13:33:04,26.95,400,buy,2026-02-13_133304_269500_400,13/02/2026,HPG,50.0,9638200,259134780000.0
2026-02-13 13:33:09,26.95,200,buy,2026-02-13_133309_269500_200,13/02/2026,HPG,50.0,9638400,259140170000.0
2026-02-13 13:33:12,26.95,3700,buy,2026-02-13_133312_269500_3700,13/02/2026,HPG,50.0,9642100,259239885000.0
2026-02-13 13:33:14,26.9,200,sell,2026-02-13_133314_269000_200,13/02/2026,HPG,0.0,9642300,259245265000.0
2026-02-13 13:33:22,26.9,4000,sell,2026-02-13_133322_269000_4000,13/02/2026,HPG,0.0,9646300,259352865000.0
2026-02-13 13:33:23,26.95,600,buy,2026-02-13_133323_269500_600,13/02/2026,HPG,50.0,9646900,259369035000.0
2026-02-13 13:33:24,26.95,100,buy,2026-02-13_133324_269500_100,13/02/2026,HPG,50.0,9647000,259371730000.0
2026-02-13 13:33:36,26.95,500,buy,2026-02-13_133336_269500_500,13/02/2026,HPG,50.0,9647500,259385205000.0
2026-02-13 13:33:38,26.95,100000,buy,2026-02-13_133338_269500_100000,13/02/2026,HPG,50.0,9747500,262080205000.0
2026-02-13 13:33:39,26.95,300,buy,2026-02-13_133339_269500_300,13/02/2026,HPG,50.0,9747800,262088290000.0
2026-02-13 13:33:42,26.9,100,sell,2026-02-13_133342_269000_100,13/02/2026,HPG,0.0,9747900,262090980000.0
2026-02-13 13:33:44,26.95,300,buy,2026-02-13_133344_269500_300,13/02/2026,HPG,50.0,9748200,262099065000.0
2026-02-13 13:33:47,26.95,1500,buy,2026-02-13_133347_269500_1500,13/02/2026,HPG,50.0,9749700,262139490000.0
2026-02-13 13:33:47,26.95,100,buy,2026-02-13_133347_269500_100,13/02/2026,HPG,50.0,9749800,262142185000.0
2026-02-13 13:33:51,26.95,100,buy,2026-02-13_133351_269500_100,13/02/2026,HPG,50.0,9749900,262144880000.0
2026-02-13 13:33:57,26.95,500,buy,2026-02-13_133357_269500_500,13/02/2026,HPG,50.0,9750400,262158355000.0
2026-02-13 13:34:00,26.95,18000,buy,2026-02-13_133400_269500_18000,13/02/2026,HPG,50.0,9768400,262643455000.0
2026-02-13 13:34:04,26.95,300,buy,2026-02-13_133404_269500_300,13/02/2026,HPG,50.0,9768700,262651540000.0
2026-02-13 13:34:06,26.95,600,buy,2026-02-13_133406_269500_600,13/02/2026,HPG,50.0,9769300,262667710000.0
2026-02-13 13:34:08,26.95,300,buy,2026-02-13_133408_269500_300,13/02/2026,HPG,50.0,9769600,262675795000.0
2026-02-13 13:34:10,26.95,22700,buy,2026-02-13_133410_269500_22700,13/02/2026,HPG,50.0,9792300,263287560000.0
2026-02-13 13:34:21,26.95,2000,sell,2026-02-13_133421_269500_2000,13/02/2026,HPG,50.0,9794300,263341460000.0
2026-02-13 13:34:21,26.95,100,sell,2026-02-13_133421_269500_100,13/02/2026,HPG,50.0,9794400,263344155000.0
2026-02-13 13:34:26,26.95,100,sell,2026-02-13_133426_269500_100,13/02/2026,HPG,50.0,9794500,263346850000.0
2026-02-13 13:34:26,26.95,500,sell,2026-02-13_133426_269500_500,13/02/2026,HPG,50.0,9795000,263360325000.0
2026-02-13 13:34:30,26.95,1000,sell,2026-02-13_133430_269500_1000,13/02/2026,HPG,50.0,9796000,263387275000.0
2026-02-13 13:34:30,27.0,600,buy,2026-02-13_133430_270000_600,13/02/2026,HPG,100.0,9796600,263403475000.0
2026-02-13 13:34:32,27.0,200,buy,2026-02-13_133432_270000_200,13/02/2026,HPG,100.0,9796800,263408875000.0
2026-02-13 13:34:43,27.0,100,buy,2026-02-13_133443_270000_100,13/02/2026,HPG,100.0,9796900,263411575000.0
2026-02-13 13:34:57,27.0,100,buy,2026-02-13_133457_270000_100,13/02/2026,HPG,100.0,9797000,263414275000.0
2026-02-13 13:34:57,27.0,200,buy,2026-02-13_133457_270000_200,13/02/2026,HPG,100.0,9797200,263419675000.0
2026-02-13 13:34:58,27.0,100,buy,2026-02-13_133458_270000_100,13/02/2026,HPG,100.0,9797300,263422375000.0
2026-02-13 13:35:00,27.0,500,buy,2026-02-13_133500_270000_500,13/02/2026,HPG,100.0,9797800,263435875000.0
2026-02-13 13:35:03,27.0,300,buy,2026-02-13_133503_270000_300,13/02/2026,HPG,100.0,9798100,263443975000.0
2026-02-13 13:35:04,27.0,100,buy,2026-02-13_133504_270000_100,13/02/2026,HPG,100.0,9798200,263446675000.0
2026-02-13 13:35:05,27.0,600,buy,2026-02-13_133505_270000_600,13/02/2026,HPG,100.0,9798800,263462875000.0
2026-02-13 13:35:05,26.95,1000,sell,2026-02-13_133505_269500_1000,13/02/2026,HPG,50.0,9799800,263489825000.0
2026-02-13 13:35:18,27.0,1000,buy,2026-02-13_133518_270000_1000,13/02/2026,HPG,100.0,9800800,263516825000.0
2026-02-13 13:35:18,26.95,300,sell,2026-02-13_133518_269500_300,13/02/2026,HPG,50.0,9801100,263524910000.0
2026-02-13 13:35:19,27.0,400,buy,2026-02-13_133519_270000_400,13/02/2026,HPG,100.0,9801500,263535710000.0
2026-02-13 13:35:33,27.0,1000,buy,2026-02-13_133533_270000_1000,13/02/2026,HPG,100.0,9802500,263562710000.0
2026-02-13 13:35:37,27.0,500,buy,2026-02-13_133537_270000_500,13/02/2026,HPG,100.0,9803000,263576210000.0
2026-02-13 13:35:38,27.0,500,buy,2026-02-13_133538_270000_500,13/02/2026,HPG,100.0,9803500,263589710000.0
2026-02-13 13:35:39,26.95,500,sell,2026-02-13_133539_269500_500,13/02/2026,HPG,50.0,9804500,263616685000.0
2026-02-13 13:35:39,27.0,500,buy,2026-02-13_133539_270000_500,13/02/2026,HPG,100.0,9804000,263603210000.0
2026-02-13 13:35:41,27.0,1000,buy,2026-02-13_133541_270000_1000,13/02/2026,HPG,100.0,9805500,263643685000.0
2026-02-13 13:35:46,27.0,500,buy,2026-02-13_133546_270000_500,13/02/2026,HPG,100.0,9806000,263657185000.0
2026-02-13 13:35:52,26.95,10000,sell,2026-02-13_133552_269500_10000,13/02/2026,HPG,50.0,9816000,263926685000.0
2026-02-13 13:35:56,27.0,4500,buy,2026-02-13_133556_270000_4500,13/02/2026,HPG,100.0,9820500,264048185000.0
2026-02-13 13:36:01,26.95,100,sell,2026-02-13_133601_269500_100,13/02/2026,HPG,50.0,9820600,264050880000.0
2026-02-13 13:36:02,27.0,1000,buy,2026-02-13_133602_270000_1000,13/02/2026,HPG,100.0,9821600,264077880000.0
2026-02-13 13:36:03,27.0,600,buy,2026-02-13_133603_270000_600,13/02/2026,HPG,100.0,9822200,264094080000.0
2026-02-13 13:36:03,26.95,100,sell,2026-02-13_133603_269500_100,13/02/2026,HPG,50.0,9822300,264096775000.0
2026-02-13 13:36:07,27.0,400,buy,2026-02-13_133607_270000_400,13/02/2026,HPG,100.0,9822700,264107575000.0
2026-02-13 13:36:12,27.0,700,buy,2026-02-13_133612_270000_700,13/02/2026,HPG,100.0,9823400,264126475000.0
2026-02-13 13:36:17,27.0,400,buy,2026-02-13_133617_270000_400,13/02/2026,HPG,100.0,9823800,264137275000.0
2026-02-13 13:36:20,27.0,100,buy,2026-02-13_133620_270000_100,13/02/2026,HPG,100.0,9873900,265489975000.0
2026-02-13 13:36:20,27.0,50000,buy,2026-02-13_133620_270000_50000,13/02/2026,HPG,100.0,9873800,265487275000.0
2026-02-13 13:36:22,27.0,1500,buy,2026-02-13_133622_270000_1500,13/02/2026,HPG,100.0,9875400,265530475000.0
2026-02-13 13:36:26,27.0,2000,buy,2026-02-13_133626_270000_2000,13/02/2026,HPG,100.0,9877400,265584475000.0
2026-02-13 13:36:31,27.0,5000,buy,2026-02-13_133631_270000_5000,13/02/2026,HPG,100.0,9882400,265719475000.0
2026-02-13 13:36:37,27.0,100,buy,2026-02-13_133637_270000_100,13/02/2026,HPG,100.0,9882500,265722175000.0
2026-02-13 13:36:41,27.0,6000,buy,2026-02-13_133641_270000_6000,13/02/2026,HPG,100.0,9888500,265884175000.0
2026-02-13 13:36:45,27.0,600,buy,2026-02-13_133645_270000_600,13/02/2026,HPG,100.0,9889100,265900375000.0
2026-02-13 13:36:46,27.0,500,buy,2026-02-13_133646_270000_500,13/02/2026,HPG,100.0,9889600,265913875000.0
2026-02-13 13:36:50,27.0,300,buy,2026-02-13_133650_270000_300,13/02/2026,HPG,100.0,9889900,265921975000.0
2026-02-13 13:36:58,27.0,100,buy,2026-02-13_133658_270000_100,13/02/2026,HPG,100.0,9890000,265924675000.0
2026-02-13 13:36:59,27.0,100,buy,2026-02-13_133659_270000_100,13/02/2026,HPG,100.0,9890100,265927375000.0
2026-02-13 13:37:03,27.0,500,buy,2026-02-13_133703_270000_500,13/02/2026,HPG,100.0,9890600,265940875000.0
2026-02-13 13:37:04,27.0,100,buy,2026-02-13_133704_270000_100,13/02/2026,HPG,100.0,9890700,265943575000.0
2026-02-13 13:37:10,27.0,200,buy,2026-02-13_133710_270000_200,13/02/2026,HPG,100.0,9890900,265948975000.0
2026-02-13 13:37:17,27.0,1000,buy,2026-02-13_133717_270000_1000,13/02/2026,HPG,100.0,9891900,265975975000.0
2026-02-13 13:37:18,27.0,200,buy,2026-02-13_133718_270000_200,13/02/2026,HPG,100.0,9892100,265981375000.0
2026-02-13 13:37:20,27.0,700,buy,2026-02-13_133720_270000_700,13/02/2026,HPG,100.0,9892800,266000275000.0
2026-02-13 13:37:21,27.0,100,buy,2026-02-13_133721_270000_100,13/02/2026,HPG,100.0,9892900,266002975000.0
2026-02-13 13:37:23,27.0,2200,buy,2026-02-13_133723_270000_2200,13/02/2026,HPG,100.0,9895100,266062375000.0
2026-02-13 13:37:28,26.95,700,sell,2026-02-13_133728_269500_700,13/02/2026,HPG,50.0,9895800,266081240000.0
2026-02-13 13:37:36,26.95,2700,sell,2026-02-13_133736_269500_2700,13/02/2026,HPG,50.0,9898500,266154005000.0
2026-02-13 13:37:44,26.95,4100,sell,2026-02-13_133744_269500_4100,13/02/2026,HPG,50.0,9902600,266264500000.0
2026-02-13 13:37:46,26.95,1000,sell,2026-02-13_133746_269500_1000,13/02/2026,HPG,50.0,9903600,266291450000.0
2026-02-13 13:37:48,27.0,5000,buy,2026-02-13_133748_270000_5000,13/02/2026,HPG,100.0,9908600,266426450000.0
2026-02-13 13:37:54,27.0,500,buy,2026-02-13_133754_270000_500,13/02/2026,HPG,100.0,9909100,266439950000.0
2026-02-13 13:38:00,27.0,100,buy,2026-02-13_133800_270000_100,13/02/2026,HPG,100.0,9909200,266442650000.0
2026-02-13 13:38:01,27.0,700,buy,2026-02-13_133801_270000_700,13/02/2026,HPG,100.0,9909900,266461550000.0
2026-02-13 13:38:07,26.95,1000,sell,2026-02-13_133807_269500_1000,13/02/2026,HPG,50.0,9910900,266488500000.0
2026-02-13 13:38:09,26.95,100,sell,2026-02-13_133809_269500_100,13/02/2026,HPG,50.0,9911000,266491195000.0
2026-02-13 13:38:18,27.0,11200,buy,2026-02-13_133818_270000_11200,13/02/2026,HPG,100.0,9922200,266793595000.0
2026-02-13 13:38:25,27.0,500,buy,2026-02-13_133825_270000_500,13/02/2026,HPG,100.0,9922700,266807095000.0
2026-02-13 13:38:27,27.0,600,buy,2026-02-13_133827_270000_600,13/02/2026,HPG,100.0,9923300,266823295000.0
2026-02-13 13:38:28,26.95,200,sell,2026-02-13_133828_269500_200,13/02/2026,HPG,50.0,9923500,266828685000.0
2026-02-13 13:38:29,26.95,6000,sell,2026-02-13_133829_269500_6000,13/02/2026,HPG,50.0,9929500,266990385000.0
2026-02-13 13:38:30,26.95,1000,sell,2026-02-13_133830_269500_1000,13/02/2026,HPG,50.0,9930500,267017335000.0
2026-02-13 13:38:34,27.0,200,buy,2026-02-13_133834_270000_200,13/02/2026,HPG,100.0,9930700,267022735000.0
2026-02-13 13:38:37,27.0,300,buy,2026-02-13_133837_270000_300,13/02/2026,HPG,100.0,9931000,267030835000.0
2026-02-13 13:38:40,26.95,20000,sell,2026-02-13_133840_269500_20000,13/02/2026,HPG,50.0,9951000,267569835000.0
2026-02-13 13:38:41,27.0,200,buy,2026-02-13_133841_270000_200,13/02/2026,HPG,100.0,9951200,267575235000.0
2026-02-13 13:38:42,27.0,200,buy,2026-02-13_133842_270000_200,13/02/2026,HPG,100.0,9951400,267580635000.0
2026-02-13 13:38:43,26.95,10000,sell,2026-02-13_133843_269500_10000,13/02/2026,HPG,50.0,9961400,267850135000.0
2026-02-13 13:38:47,27.0,1000,buy,2026-02-13_133847_270000_1000,13/02/2026,HPG,100.0,9962400,267877135000.0
2026-02-13 13:38:51,26.95,3000,sell,2026-02-13_133851_269500_3000,13/02/2026,HPG,50.0,9965400,267957985000.0
2026-02-13 13:38:57,26.95,1300,sell,2026-02-13_133857_269500_1300,13/02/2026,HPG,50.0,9966700,267993020000.0
2026-02-13 13:39:01,27.0,600,buy,2026-02-13_133901_270000_600,13/02/2026,HPG,100.0,9967300,268009220000.0
2026-02-13 13:39:05,26.95,100,sell,2026-02-13_133905_269500_100,13/02/2026,HPG,50.0,9967400,268011915000.0
2026-02-13 13:39:07,27.0,200,buy,2026-02-13_133907_270000_200,13/02/2026,HPG,100.0,9967600,268017315000.0
2026-02-13 13:39:07,27.0,500,buy,2026-02-13_133907_270000_500,13/02/2026,HPG,100.0,9968100,268030815000.0
2026-02-13 13:39:15,27.0,100,buy,2026-02-13_133915_270000_100,13/02/2026,HPG,100.0,9968200,268033515000.0
2026-02-13 13:39:18,27.0,100,buy,2026-02-13_133918_270000_100,13/02/2026,HPG,100.0,9968300,268036215000.0
2026-02-13 13:39:19,27.0,500,buy,2026-02-13_133919_270000_500,13/02/2026,HPG,100.0,9968800,268049715000.0
2026-02-13 13:39:22,27.0,100,buy,2026-02-13_133922_270000_100,13/02/2026,HPG,100.0,9968900,268052415000.0
2026-02-13 13:39:34,27.0,500,buy,2026-02-13_133934_270000_500,13/02/2026,HPG,100.0,9969400,268065915000.0
2026-02-13 13:39:39,27.0,100,buy,2026-02-13_133939_270000_100,13/02/2026,HPG,100.0,9969500,268068615000.0
2026-02-13 13:39:46,27.0,600,buy,2026-02-13_133946_270000_600,13/02/2026,HPG,100.0,9970100,268084815000.0
2026-02-13 13:39:48,27.0,200,buy,2026-02-13_133948_270000_200,13/02/2026,HPG,100.0,9970300,268090215000.0
2026-02-13 13:39:49,27.0,500,buy,2026-02-13_133949_270000_500,13/02/2026,HPG,100.0,9970800,268103715000.0
2026-02-13 13:39:55,26.95,200,sell,2026-02-13_133955_269500_200,13/02/2026,HPG,50.0,9971000,268109105000.0
2026-02-13 13:40:05,27.0,100,buy,2026-02-13_134005_270000_100,13/02/2026,HPG,100.0,9971100,268111805000.0
2026-02-13 13:40:05,27.0,300,buy,2026-02-13_134005_270000_300,13/02/2026,HPG,100.0,9971400,268119905000.0
2026-02-13 13:40:09,27.0,600,buy,2026-02-13_134009_270000_600,13/02/2026,HPG,100.0,9972000,268136105000.0
2026-02-13 13:40:18,27.0,500,buy,2026-02-13_134018_270000_500,13/02/2026,HPG,100.0,9972500,268149605000.0
2026-02-13 13:40:22,27.0,100,buy,2026-02-13_134022_270000_100,13/02/2026,HPG,100.0,9972600,268152305000.0
2026-02-13 13:40:24,27.0,300,buy,2026-02-13_134024_270000_300,13/02/2026,HPG,100.0,9972900,268160405000.0
2026-02-13 13:40:28,27.0,500,buy,2026-02-13_134028_270000_500,13/02/2026,HPG,100.0,9973400,268173905000.0
2026-02-13 13:40:30,27.0,500,buy,2026-02-13_134030_270000_500,13/02/2026,HPG,100.0,9973900,268187405000.0
2026-02-13 13:40:34,27.0,800,buy,2026-02-13_134034_270000_800,13/02/2026,HPG,100.0,9974700,268209005000.0
2026-02-13 13:40:35,26.95,400,sell,2026-02-13_134035_269500_400,13/02/2026,HPG,50.0,9975100,268219785000.0
2026-02-13 13:40:38,26.95,5000,sell,2026-02-13_134038_269500_5000,13/02/2026,HPG,50.0,9980100,268354535000.0
2026-02-13 13:40:39,26.95,4100,sell,2026-02-13_134039_269500_4100,13/02/2026,HPG,50.0,9984200,268465030000.0
2026-02-13 13:40:41,27.0,4500,buy,2026-02-13_134041_270000_4500,13/02/2026,HPG,100.0,9988700,268586530000.0
2026-02-13 13:40:42,27.0,600,buy,2026-02-13_134042_270000_600,13/02/2026,HPG,100.0,9989300,268602730000.0
2026-02-13 13:40:45,26.95,1000,sell,2026-02-13_134045_269500_1000,13/02/2026,HPG,50.0,9990300,268629680000.0
2026-02-13 13:40:47,26.95,500,sell,2026-02-13_134047_269500_500,13/02/2026,HPG,50.0,9990800,268643155000.0
2026-02-13 13:40:53,26.95,2000,sell,2026-02-13_134053_269500_2000,13/02/2026,HPG,50.0,9992800,268697055000.0
2026-02-13 13:40:54,26.95,200,sell,2026-02-13_134054_269500_200,13/02/2026,HPG,50.0,9993000,268702445000.0
2026-02-13 13:40:56,27.0,400,buy,2026-02-13_134056_270000_400,13/02/2026,HPG,100.0,9993400,268713245000.0
2026-02-13 13:41:03,26.95,2800,sell,2026-02-13_134103_269500_2800,13/02/2026,HPG,50.0,9996200,268788705000.0
2026-02-13 13:41:07,27.0,200,buy,2026-02-13_134107_270000_200,13/02/2026,HPG,100.0,9996400,268794105000.0
2026-02-13 13:41:11,27.0,600,buy,2026-02-13_134111_270000_600,13/02/2026,HPG,100.0,9997000,268810305000.0
2026-02-13 13:41:14,26.95,5000,sell,2026-02-13_134114_269500_5000,13/02/2026,HPG,50.0,10002000,268945055000.0
2026-02-13 13:41:16,27.0,600,buy,2026-02-13_134116_270000_600,13/02/2026,HPG,100.0,10002600,268961255000.0
2026-02-13 13:41:21,27.0,200,buy,2026-02-13_134121_270000_200,13/02/2026,HPG,100.0,10002800,268966655000.0
2026-02-13 13:41:22,26.95,300,sell,2026-02-13_134122_269500_300,13/02/2026,HPG,50.0,10003100,268974740000.0
2026-02-13 13:41:23,26.95,4100,sell,2026-02-13_134123_269500_4100,13/02/2026,HPG,50.0,10007200,269085235000.0
2026-02-13 13:41:32,26.95,10000,sell,2026-02-13_134132_269500_10000,13/02/2026,HPG,50.0,10017200,269354735000.0
2026-02-13 13:41:37,26.95,200,sell,2026-02-13_134137_269500_200,13/02/2026,HPG,50.0,10037400,269899125000.0
2026-02-13 13:41:37,26.95,20000,sell,2026-02-13_134137_269500_20000,13/02/2026,HPG,50.0,10037200,269893735000.0
2026-02-13 13:41:41,26.95,1000,sell,2026-02-13_134141_269500_1000,13/02/2026,HPG,50.0,10038400,269926075000.0
2026-02-13 13:41:50,27.0,600,buy,2026-02-13_134150_270000_600,13/02/2026,HPG,100.0,10039000,269942275000.0
2026-02-13 13:41:52,27.0,500,buy,2026-02-13_134152_270000_500,13/02/2026,HPG,100.0,10039500,269955775000.0
2026-02-13 13:41:53,26.95,500,sell,2026-02-13_134153_269500_500,13/02/2026,HPG,50.0,10040000,269969250000.0
2026-02-13 13:41:54,27.0,2000,buy,2026-02-13_134154_270000_2000,13/02/2026,HPG,100.0,10042000,270023250000.0
2026-02-13 13:41:56,27.0,600,buy,2026-02-13_134156_270000_600,13/02/2026,HPG,100.0,10042600,270039450000.0
2026-02-13 13:41:57,27.0,100,buy,2026-02-13_134157_270000_100,13/02/2026,HPG,100.0,10042700,270042150000.0
2026-02-13 13:41:57,26.95,500,sell,2026-02-13_134157_269500_500,13/02/2026,HPG,50.0,10043200,270055625000.0
2026-02-13 13:41:59,27.0,200,buy,2026-02-13_134159_270000_200,13/02/2026,HPG,100.0,10043400,270061025000.0
2026-02-13 13:42:01,27.0,100,buy,2026-02-13_134201_270000_100,13/02/2026,HPG,100.0,10063500,270603725000.0
2026-02-13 13:42:01,27.0,20000,buy,2026-02-13_134201_270000_20000,13/02/2026,HPG,100.0,10063400,270601025000.0
2026-02-13 13:42:02,26.95,2000,sell,2026-02-13_134202_269500_2000,13/02/2026,HPG,50.0,10065600,270660320000.0
2026-02-13 13:42:02,26.95,100,sell,2026-02-13_134202_269500_100,13/02/2026,HPG,50.0,10063600,270606420000.0
2026-02-13 13:42:07,26.95,4000,sell,2026-02-13_134207_269500_4000,13/02/2026,HPG,50.0,10069600,270768120000.0
2026-02-13 13:42:15,26.95,100,sell,2026-02-13_134215_269500_100,13/02/2026,HPG,50.0,10069700,270770815000.0
2026-02-13 13:42:17,26.95,5900,sell,2026-02-13_134217_269500_5900,13/02/2026,HPG,50.0,10075600,270929820000.0
2026-02-13 13:42:18,26.95,3000,sell,2026-02-13_134218_269500_3000,13/02/2026,HPG,50.0,10078600,271010670000.0
2026-02-13 13:42:23,27.0,600,buy,2026-02-13_134223_270000_600,13/02/2026,HPG,100.0,10079200,271026870000.0
2026-02-13 13:42:24,26.95,600,sell,2026-02-13_134224_269500_600,13/02/2026,HPG,50.0,10079800,271043040000.0
2026-02-13 13:42:26,26.95,500,sell,2026-02-13_134226_269500_500,13/02/2026,HPG,50.0,10080300,271056515000.0
2026-02-13 13:42:36,26.95,900,sell,2026-02-13_134236_269500_900,13/02/2026,HPG,50.0,10081200,271080770000.0
2026-02-13 13:42:43,26.95,200,sell,2026-02-13_134243_269500_200,13/02/2026,HPG,50.0,10081400,271086160000.0
2026-02-13 13:42:45,27.0,100,buy,2026-02-13_134245_270000_100,13/02/2026,HPG,100.0,10081500,271088860000.0
2026-02-13 13:42:47,27.0,600,buy,2026-02-13_134247_270000_600,13/02/2026,HPG,100.0,10082100,271105060000.0
2026-02-13 13:42:48,26.95,200,sell,2026-02-13_134248_269500_200,13/02/2026,HPG,50.0,10082300,271110450000.0
2026-02-13 13:42:50,27.0,1900,buy,2026-02-13_134250_270000_1900,13/02/2026,HPG,100.0,10084200,271161750000.0
2026-02-13 13:42:54,27.0,100,buy,2026-02-13_134254_270000_100,13/02/2026,HPG,100.0,10084300,271164450000.0
2026-02-13 13:42:56,27.0,23200,buy,2026-02-13_134256_270000_23200,13/02/2026,HPG,100.0,10107500,271790850000.0
2026-02-13 13:42:58,27.0,500,buy,2026-02-13_134258_270000_500,13/02/2026,HPG,100.0,10108000,271804350000.0
2026-02-13 13:43:08,27.0,100,buy,2026-02-13_134308_270000_100,13/02/2026,HPG,100.0,10108100,271807050000.0
2026-02-13 13:43:08,27.0,15000,buy,2026-02-13_134308_270000_15000,13/02/2026,HPG,100.0,10123100,272212050000.0
2026-02-13 13:43:11,26.95,3300,sell,2026-02-13_134311_269500_3300,13/02/2026,HPG,50.0,10126400,272300985000.0
2026-02-13 13:43:13,26.95,300,sell,2026-02-13_134313_269500_300,13/02/2026,HPG,50.0,10126700,272309070000.0
2026-02-13 13:43:13,27.0,100,buy,2026-02-13_134313_270000_100,13/02/2026,HPG,100.0,10126800,272311770000.0
2026-02-13 13:43:15,27.0,500,buy,2026-02-13_134315_270000_500,13/02/2026,HPG,100.0,10127300,272325270000.0
2026-02-13 13:43:20,27.0,24200,buy,2026-02-13_134320_270000_24200,13/02/2026,HPG,100.0,10151500,272978670000.0
2026-02-13 13:43:23,27.0,1800,buy,2026-02-13_134323_270000_1800,13/02/2026,HPG,100.0,10153300,273027270000.0
2026-02-13 13:43:25,26.95,200,sell,2026-02-13_134325_269500_200,13/02/2026,HPG,50.0,10153500,273032660000.0
2026-02-13 13:43:25,27.0,1500,buy,2026-02-13_134325_270000_1500,13/02/2026,HPG,100.0,10155000,273073160000.0
2026-02-13 13:43:31,27.0,600,buy,2026-02-13_134331_270000_600,13/02/2026,HPG,100.0,10155600,273089360000.0
2026-02-13 13:43:32,27.0,100,buy,2026-02-13_134332_270000_100,13/02/2026,HPG,100.0,10155700,273092060000.0
2026-02-13 13:43:36,26.95,1000,sell,2026-02-13_134336_269500_1000,13/02/2026,HPG,50.0,10156700,273119010000.0
2026-02-13 13:43:36,27.0,200,buy,2026-02-13_134336_270000_200,13/02/2026,HPG,100.0,10156900,273124410000.0
2026-02-13 13:43:37,27.0,1000,buy,2026-02-13_134337_270000_1000,13/02/2026,HPG,100.0,10157900,273151410000.0
2026-02-13 13:43:37,26.95,600,sell,2026-02-13_134337_269500_600,13/02/2026,HPG,50.0,10158500,273167580000.0
2026-02-13 13:43:40,27.0,2000,buy,2026-02-13_134340_270000_2000,13/02/2026,HPG,100.0,10160500,273221580000.0
2026-02-13 13:43:43,27.0,23200,buy,2026-02-13_134343_270000_23200,13/02/2026,HPG,100.0,10183700,273847980000.0
2026-02-13 13:43:46,27.0,100,buy,2026-02-13_134346_270000_100,13/02/2026,HPG,100.0,10183800,273850680000.0
2026-02-13 13:43:48,27.0,654700,buy,2026-02-13_134348_270000_654700,13/02/2026,HPG,100.0,10954500,294659580000.0
2026-02-13 13:43:48,27.0,116000,buy,2026-02-13_134348_270000_116000,13/02/2026,HPG,100.0,10299800,276982680000.0
2026-02-13 13:43:53,27.0,20400,sell,2026-02-13_134353_270000_20400,13/02/2026,HPG,100.0,10974900,295210380000.0
2026-02-13 13:44:03,27.0,2500,sell,2026-02-13_134403_270000_2500,13/02/2026,HPG,100.0,10977400,295277880000.0
2026-02-13 13:44:05,27.05,600,buy,2026-02-13_134405_270500_600,13/02/2026,HPG,150.0,10978000,295294110000.0
2026-02-13 13:44:06,27.0,100,sell,2026-02-13_134406_270000_100,13/02/2026,HPG,100.0,10978100,295296810000.0
2026-02-13 13:44:07,27.0,2500,sell,2026-02-13_134407_270000_2500,13/02/2026,HPG,100.0,10980600,295364310000.0
2026-02-13 13:44:10,27.05,23200,buy,2026-02-13_134410_270500_23200,13/02/2026,HPG,150.0,11003800,295991870000.0
2026-02-13 13:44:11,27.0,100,sell,2026-02-13_134411_270000_100,13/02/2026,HPG,100.0,11003900,295994570000.0
2026-02-13 13:44:14,27.05,1200,buy,2026-02-13_134414_270500_1200,13/02/2026,HPG,150.0,11005100,296027030000.0
2026-02-13 13:44:18,27.0,500,sell,2026-02-13_134418_270000_500,13/02/2026,HPG,100.0,11005600,296040530000.0
2026-02-13 13:44:25,27.0,2000,sell,2026-02-13_134425_270000_2000,13/02/2026,HPG,100.0,11007600,296094530000.0
2026-02-13 13:44:27,27.0,200,sell,2026-02-13_134427_270000_200,13/02/2026,HPG,100.0,11007800,296099930000.0
2026-02-13 13:44:32,27.0,3100,sell,2026-02-13_134432_270000_3100,13/02/2026,HPG,100.0,11010900,296183630000.0
2026-02-13 13:44:33,27.05,23200,buy,2026-02-13_134433_270500_23200,13/02/2026,HPG,150.0,11034100,296811190000.0
2026-02-13 13:44:36,27.0,23000,sell,2026-02-13_134436_270000_23000,13/02/2026,HPG,100.0,11057100,297432190000.0
2026-02-13 13:44:39,27.05,500,buy,2026-02-13_134439_270500_500,13/02/2026,HPG,150.0,11057600,297445715000.0
2026-02-13 13:44:40,27.0,1700,sell,2026-02-13_134440_270000_1700,13/02/2026,HPG,100.0,11059300,297491615000.0
2026-02-13 13:44:42,27.0,100,sell,2026-02-13_134442_270000_100,13/02/2026,HPG,100.0,11059400,297494315000.0
2026-02-13 13:44:49,27.05,1000,buy,2026-02-13_134449_270500_1000,13/02/2026,HPG,150.0,11060400,297521365000.0
2026-02-13 13:44:50,27.05,400,buy,2026-02-13_134450_270500_400,13/02/2026,HPG,150.0,11060800,297532185000.0
2026-02-13 13:44:51,27.05,13200,buy,2026-02-13_134451_270500_13200,13/02/2026,HPG,150.0,11074000,297889245000.0
2026-02-13 13:44:52,27.05,205200,buy,2026-02-13_134452_270500_205200,13/02/2026,HPG,150.0,11279200,303439905000.0
2026-02-13 13:44:57,27.05,200,sell,2026-02-13_134457_270500_200,13/02/2026,HPG,150.0,11279400,303445315000.0
2026-02-13 13:45:01,27.05,5300,sell,2026-02-13_134501_270500_5300,13/02/2026,HPG,150.0,11284700,303588680000.0
2026-02-13 13:45:03,27.05,9200,sell,2026-02-13_134503_270500_9200,13/02/2026,HPG,150.0,11293900,303837540000.0
2026-02-13 13:45:06,27.05,200,sell,2026-02-13_134506_270500_200,13/02/2026,HPG,150.0,11294100,303842950000.0
2026-02-13 13:45:08,27.05,10000,sell,2026-02-13_134508_270500_10000,13/02/2026,HPG,150.0,11304100,304113450000.0
2026-02-13 13:45:11,27.05,200,sell,2026-02-13_134511_270500_200,13/02/2026,HPG,150.0,11304300,304118860000.0
2026-02-13 13:45:12,27.05,2000,sell,2026-02-13_134512_270500_2000,13/02/2026,HPG,150.0,11306300,304172960000.0
2026-02-13 13:45:12,27.1,2500,buy,2026-02-13_134512_271000_2500,13/02/2026,HPG,200.0,11308800,304240710000.0
2026-02-13 13:45:13,27.1,700,buy,2026-02-13_134513_271000_700,13/02/2026,HPG,200.0,11309500,304259680000.0
2026-02-13 13:45:14,27.1,100,buy,2026-02-13_134514_271000_100,13/02/2026,HPG,200.0,11309600,304262390000.0
2026-02-13 13:45:19,27.1,500,buy,2026-02-13_134519_271000_500,13/02/2026,HPG,200.0,11310300,304281350000.0
2026-02-13 13:45:19,27.05,200,sell,2026-02-13_134519_270500_200,13/02/2026,HPG,150.0,11309800,304267800000.0
2026-02-13 13:45:26,27.05,200,sell,2026-02-13_134526_270500_200,13/02/2026,HPG,150.0,11310500,304286760000.0
2026-02-13 13:45:42,27.05,2400,sell,2026-02-13_134542_270500_2400,13/02/2026,HPG,150.0,11312900,304351680000.0
2026-02-13 13:45:45,27.05,4100,sell,2026-02-13_134545_270500_4100,13/02/2026,HPG,150.0,11317000,304462585000.0
2026-02-13 13:45:46,27.05,200,sell,2026-02-13_134546_270500_200,13/02/2026,HPG,150.0,11318200,304495095000.0
2026-02-13 13:45:46,27.1,1000,buy,2026-02-13_134546_271000_1000,13/02/2026,HPG,200.0,11318000,304489685000.0
2026-02-13 13:45:47,27.1,500,buy,2026-02-13_134547_271000_500,13/02/2026,HPG,200.0,11318700,304508645000.0
2026-02-13 13:45:48,27.05,200,sell,2026-02-13_134548_270500_200,13/02/2026,HPG,150.0,11318900,304514055000.0
2026-02-13 13:45:50,27.1,100,buy,2026-02-13_134550_271000_100,13/02/2026,HPG,200.0,11319000,304516765000.0
2026-02-13 13:45:51,27.05,100,sell,2026-02-13_134551_270500_100,13/02/2026,HPG,150.0,11319100,304519470000.0
2026-02-13 13:45:55,27.05,200,sell,2026-02-13_134555_270500_200,13/02/2026,HPG,150.0,11319300,304524880000.0
2026-02-13 13:45:57,27.05,13100,sell,2026-02-13_134557_270500_13100,13/02/2026,HPG,150.0,11332400,304879235000.0
2026-02-13 13:45:58,27.05,1000,sell,2026-02-13_134558_270500_1000,13/02/2026,HPG,150.0,11333400,304906285000.0
2026-02-13 13:46:02,27.05,300,sell,2026-02-13_134602_270500_300,13/02/2026,HPG,150.0,11333700,304914400000.0
2026-02-13 13:46:03,27.05,400,sell,2026-02-13_134603_270500_400,13/02/2026,HPG,150.0,11334100,304925220000.0
2026-02-13 13:46:03,27.05,1000,sell,2026-02-13_134603_270500_1000,13/02/2026,HPG,150.0,11335100,304952270000.0
2026-02-13 13:46:04,27.1,200,buy,2026-02-13_134604_271000_200,13/02/2026,HPG,200.0,11335600,304965805000.0
2026-02-13 13:46:04,27.05,300,sell,2026-02-13_134604_270500_300,13/02/2026,HPG,150.0,11335400,304960385000.0
2026-02-13 13:46:06,27.05,500,sell,2026-02-13_134606_270500_500,13/02/2026,HPG,150.0,11336100,304979330000.0
2026-02-13 13:46:07,27.05,1000,sell,2026-02-13_134607_270500_1000,13/02/2026,HPG,150.0,11337100,305006380000.0
2026-02-13 13:46:07,27.1,100,buy,2026-02-13_134607_271000_100,13/02/2026,HPG,200.0,11337200,305009090000.0
2026-02-13 13:46:10,27.05,11200,sell,2026-02-13_134610_270500_11200,13/02/2026,HPG,150.0,11348400,305312050000.0
2026-02-13 13:46:11,27.1,23200,buy,2026-02-13_134611_271000_23200,13/02/2026,HPG,200.0,11371600,305940770000.0
2026-02-13 13:46:12,27.1,100,buy,2026-02-13_134612_271000_100,13/02/2026,HPG,200.0,11371700,305943480000.0
2026-02-13 13:46:17,27.05,21100,sell,2026-02-13_134617_270500_21100,13/02/2026,HPG,150.0,11392800,306514235000.0
2026-02-13 13:46:18,27.1,500,buy,2026-02-13_134618_271000_500,13/02/2026,HPG,200.0,11393500,306533195000.0
2026-02-13 13:46:18,27.05,200,sell,2026-02-13_134618_270500_200,13/02/2026,HPG,150.0,11393000,306519645000.0
2026-02-13 13:46:20,27.1,700,buy,2026-02-13_134620_271000_700,13/02/2026,HPG,200.0,11394200,306552165000.0
2026-02-13 13:46:21,27.05,200,sell,2026-02-13_134621_270500_200,13/02/2026,HPG,150.0,11394400,306557575000.0
2026-02-13 13:46:23,27.05,100,sell,2026-02-13_134623_270500_100,13/02/2026,HPG,150.0,11394500,306560280000.0
2026-02-13 13:46:25,27.1,100,buy,2026-02-13_134625_271000_100,13/02/2026,HPG,200.0,11394600,306562990000.0
2026-02-13 13:46:25,27.05,600,sell,2026-02-13_134625_270500_600,13/02/2026,HPG,150.0,11395200,306579220000.0
2026-02-13 13:46:27,27.05,2000,sell,2026-02-13_134627_270500_2000,13/02/2026,HPG,150.0,11397200,306633320000.0
2026-02-13 13:46:29,27.05,4100,sell,2026-02-13_134629_270500_4100,13/02/2026,HPG,150.0,11401300,306744225000.0
2026-02-13 13:46:29,27.05,2900,sell,2026-02-13_134629_270500_2900,13/02/2026,HPG,150.0,11404200,306822670000.0
2026-02-13 13:46:33,27.05,2500,sell,2026-02-13_134633_270500_2500,13/02/2026,HPG,150.0,11406700,306890295000.0
2026-02-13 13:46:36,27.05,100,sell,2026-02-13_134636_270500_100,13/02/2026,HPG,150.0,11406800,306893000000.0
2026-02-13 13:46:37,27.05,400,sell,2026-02-13_134637_270500_400,13/02/2026,HPG,150.0,11407200,306903820000.0
2026-02-13 13:46:39,27.05,500,sell,2026-02-13_134639_270500_500,13/02/2026,HPG,150.0,11407900,306922755000.0
2026-02-13 13:46:39,27.05,200,sell,2026-02-13_134639_270500_200,13/02/2026,HPG,150.0,11407400,306909230000.0
2026-02-13 13:46:41,27.05,2900,sell,2026-02-13_134641_270500_2900,13/02/2026,HPG,150.0,11410800,307001200000.0
2026-02-13 13:46:42,27.05,500,buy,2026-02-13_134642_270500_500,13/02/2026,HPG,150.0,11411300,307014725000.0
2026-02-13 13:46:45,27.05,10000,buy,2026-02-13_134645_270500_10000,13/02/2026,HPG,150.0,11421300,307285225000.0
2026-02-13 13:46:48,27.05,1000,buy,2026-02-13_134648_270500_1000,13/02/2026,HPG,150.0,11422300,307312275000.0
2026-02-13 13:46:48,27.05,10900,buy,2026-02-13_134648_270500_10900,13/02/2026,HPG,150.0,11433200,307607120000.0
2026-02-13 13:46:49,27.05,1400,buy,2026-02-13_134649_270500_1400,13/02/2026,HPG,150.0,11434600,307644990000.0
2026-02-13 13:46:50,27.05,3000,buy,2026-02-13_134650_270500_3000,13/02/2026,HPG,150.0,11437600,307726140000.0
2026-02-13 13:46:50,27.05,200,buy,2026-02-13_134650_270500_200,13/02/2026,HPG,150.0,11437800,307731550000.0
2026-02-13 13:46:50,27.05,100,buy,2026-02-13_134650_270500_100,13/02/2026,HPG,150.0,11437900,307734255000.0
2026-02-13 13:46:50,27.0,3200,sell,2026-02-13_134650_270000_3200,13/02/2026,HPG,100.0,11441100,307820655000.0
2026-02-13 13:46:52,27.05,10000,buy,2026-02-13_134652_270500_10000,13/02/2026,HPG,150.0,11451100,308091155000.0
2026-02-13 13:46:54,27.05,500,buy,2026-02-13_134654_270500_500,13/02/2026,HPG,150.0,11451600,308104680000.0
2026-02-13 13:46:55,27.05,1400,buy,2026-02-13_134655_270500_1400,13/02/2026,HPG,150.0,11453000,308142550000.0
2026-02-13 13:46:57,27.05,1300,buy,2026-02-13_134657_270500_1300,13/02/2026,HPG,150.0,11454300,308177715000.0
2026-02-13 13:46:58,27.05,400,buy,2026-02-13_134658_270500_400,13/02/2026,HPG,150.0,11454700,308188535000.0
2026-02-13 13:46:59,27.05,1700,buy,2026-02-13_134659_270500_1700,13/02/2026,HPG,150.0,11456400,308234520000.0
2026-02-13 13:47:00,27.05,100,buy,2026-02-13_134700_270500_100,13/02/2026,HPG,150.0,11456500,308237225000.0
2026-02-13 13:47:02,27.05,1700,buy,2026-02-13_134702_270500_1700,13/02/2026,HPG,150.0,11458200,308283210000.0
2026-02-13 13:47:06,27.05,3000,sell,2026-02-13_134706_270500_3000,13/02/2026,HPG,150.0,11461200,308364360000.0
2026-02-13 13:47:07,27.05,300,sell,2026-02-13_134707_270500_300,13/02/2026,HPG,150.0,11461500,308372475000.0
2026-02-13 13:47:10,27.05,100,buy,2026-02-13_134710_270500_100,13/02/2026,HPG,150.0,11461600,308375180000.0
2026-02-13 13:47:11,27.05,10000,buy,2026-02-13_134711_270500_10000,13/02/2026,HPG,150.0,11471600,308645680000.0
2026-02-13 13:47:18,27.05,1000,buy,2026-02-13_134718_270500_1000,13/02/2026,HPG,150.0,11472600,308672730000.0
2026-02-13 13:47:23,27.05,500,buy,2026-02-13_134723_270500_500,13/02/2026,HPG,150.0,11473100,308686255000.0
2026-02-13 13:47:25,27.05,100,buy,2026-02-13_134725_270500_100,13/02/2026,HPG,150.0,11473200,308688960000.0
2026-02-13 13:47:27,27.05,600,buy,2026-02-13_134727_270500_600,13/02/2026,HPG,150.0,11473800,308705190000.0
2026-02-13 13:47:30,27.05,200,buy,2026-02-13_134730_270500_200,13/02/2026,HPG,150.0,11474000,308710600000.0
2026-02-13 13:47:31,27.05,300,buy,2026-02-13_134731_270500_300,13/02/2026,HPG,150.0,11474300,308718715000.0
2026-02-13 13:47:34,27.05,5000,buy,2026-02-13_134734_270500_5000,13/02/2026,HPG,150.0,11479300,308853965000.0
2026-02-13 13:47:35,27.05,1000,buy,2026-02-13_134735_270500_1000,13/02/2026,HPG,150.0,11480300,308881015000.0
2026-02-13 13:47:36,27.05,900,buy,2026-02-13_134736_270500_900,13/02/2026,HPG,150.0,11481200,308905360000.0
2026-02-13 13:47:39,27.05,400,buy,2026-02-13_134739_270500_400,13/02/2026,HPG,150.0,11481600,308916180000.0
2026-02-13 13:47:40,27.0,900,sell,2026-02-13_134740_270000_900,13/02/2026,HPG,100.0,11482500,308940480000.0
2026-02-13 13:47:45,27.05,300,buy,2026-02-13_134745_270500_300,13/02/2026,HPG,150.0,11483400,308964825000.0
2026-02-13 13:47:45,27.05,100,buy,2026-02-13_134745_270500_100,13/02/2026,HPG,150.0,11482600,308943185000.0
2026-02-13 13:47:45,27.05,500,buy,2026-02-13_134745_270500_500,13/02/2026,HPG,150.0,11483100,308956710000.0
2026-02-13 13:47:48,27.05,600,buy,2026-02-13_134748_270500_600,13/02/2026,HPG,150.0,11484000,308981055000.0
2026-02-13 13:47:49,27.05,1500,buy,2026-02-13_134749_270500_1500,13/02/2026,HPG,150.0,11485500,309021630000.0
2026-02-13 13:47:55,27.05,500,buy,2026-02-13_134755_270500_500,13/02/2026,HPG,150.0,11509200,309662715000.0
2026-02-13 13:47:55,27.05,23200,buy,2026-02-13_134755_270500_23200,13/02/2026,HPG,150.0,11508700,309649190000.0
2026-02-13 13:47:57,27.05,600,buy,2026-02-13_134757_270500_600,13/02/2026,HPG,150.0,11509800,309678945000.0
2026-02-13 13:48:02,27.05,600,buy,2026-02-13_134802_270500_600,13/02/2026,HPG,150.0,11510400,309695175000.0
2026-02-13 13:48:04,27.05,100,buy,2026-02-13_134804_270500_100,13/02/2026,HPG,150.0,11510500,309697880000.0
2026-02-13 13:48:04,27.05,600,buy,2026-02-13_134804_270500_600,13/02/2026,HPG,150.0,11511100,309714110000.0
2026-02-13 13:48:07,27.0,100,sell,2026-02-13_134807_270000_100,13/02/2026,HPG,100.0,11511200,309716810000.0
2026-02-13 13:48:10,27.05,100,buy,2026-02-13_134810_270500_100,13/02/2026,HPG,150.0,11511300,309719515000.0
2026-02-13 13:48:12,27.05,100,buy,2026-02-13_134812_270500_100,13/02/2026,HPG,150.0,11511400,309722220000.0
2026-02-13 13:48:18,27.05,100,buy,2026-02-13_134818_270500_100,13/02/2026,HPG,150.0,11511500,309724925000.0
2026-02-13 13:48:22,27.05,200,buy,2026-02-13_134822_270500_200,13/02/2026,HPG,150.0,11511700,309730335000.0
2026-02-13 13:48:36,27.05,500,buy,2026-02-13_134836_270500_500,13/02/2026,HPG,150.0,11512200,309743860000.0
2026-02-13 13:48:46,27.05,500,buy,2026-02-13_134846_270500_500,13/02/2026,HPG,150.0,11512700,309757385000.0
2026-02-13 13:48:48,27.05,400,buy,2026-02-13_134848_270500_400,13/02/2026,HPG,150.0,11513100,309768205000.0
2026-02-13 13:48:49,27.05,100,buy,2026-02-13_134849_270500_100,13/02/2026,HPG,150.0,11513200,309770910000.0
2026-02-13 13:48:50,27.05,500,buy,2026-02-13_134850_270500_500,13/02/2026,HPG,150.0,11513700,309784435000.0
2026-02-13 13:48:51,27.05,2000,buy,2026-02-13_134851_270500_2000,13/02/2026,HPG,150.0,11515700,309838535000.0
2026-02-13 13:48:58,27.05,15000,buy,2026-02-13_134858_270500_15000,13/02/2026,HPG,150.0,11530700,310244285000.0
2026-02-13 13:48:59,27.05,500,buy,2026-02-13_134859_270500_500,13/02/2026,HPG,150.0,11531200,310257810000.0
2026-02-13 13:49:01,27.05,500,buy,2026-02-13_134901_270500_500,13/02/2026,HPG,150.0,11531700,310271335000.0
2026-02-13 13:49:02,27.05,1000,buy,2026-02-13_134902_270500_1000,13/02/2026,HPG,150.0,11532700,310298385000.0
2026-02-13 13:49:03,27.05,3400,buy,2026-02-13_134903_270500_3400,13/02/2026,HPG,150.0,11536100,310390355000.0
2026-02-13 13:49:04,27.05,200,buy,2026-02-13_134904_270500_200,13/02/2026,HPG,150.0,11536300,310395765000.0
2026-02-13 13:49:09,27.05,600,buy,2026-02-13_134909_270500_600,13/02/2026,HPG,150.0,11536900,310411995000.0
2026-02-13 13:49:10,27.05,100,buy,2026-02-13_134910_270500_100,13/02/2026,HPG,150.0,11537000,310414700000.0
2026-02-13 13:49:13,27.05,100,buy,2026-02-13_134913_270500_100,13/02/2026,HPG,150.0,11537100,310417405000.0
2026-02-13 13:49:14,27.05,100,buy,2026-02-13_134914_270500_100,13/02/2026,HPG,150.0,11537200,310420110000.0
2026-02-13 13:49:15,27.05,1000,buy,2026-02-13_134915_270500_1000,13/02/2026,HPG,150.0,11538200,310447160000.0
2026-02-13 13:49:18,27.05,300,buy,2026-02-13_134918_270500_300,13/02/2026,HPG,150.0,11538500,310455275000.0
2026-02-13 13:49:27,27.05,500,buy,2026-02-13_134927_270500_500,13/02/2026,HPG,150.0,11539000,310468800000.0
2026-02-13 13:49:29,27.05,500,buy,2026-02-13_134929_270500_500,13/02/2026,HPG,150.0,11539500,310482325000.0
2026-02-13 13:49:32,27.05,5000,buy,2026-02-13_134932_270500_5000,13/02/2026,HPG,150.0,11544500,310617575000.0
2026-02-13 13:49:33,27.0,400,sell,2026-02-13_134933_270000_400,13/02/2026,HPG,100.0,11544900,310628375000.0
2026-02-13 13:49:35,27.05,300,buy,2026-02-13_134935_270500_300,13/02/2026,HPG,150.0,11545200,310636490000.0
2026-02-13 13:49:37,27.05,300,buy,2026-02-13_134937_270500_300,13/02/2026,HPG,150.0,11545500,310644605000.0
2026-02-13 13:49:37,27.0,200,sell,2026-02-13_134937_270000_200,13/02/2026,HPG,100.0,11545700,310650005000.0
2026-02-13 13:49:40,27.0,4100,sell,2026-02-13_134940_270000_4100,13/02/2026,HPG,100.0,11549800,310760705000.0
2026-02-13 13:49:42,27.05,600,buy,2026-02-13_134942_270500_600,13/02/2026,HPG,150.0,11550400,310776935000.0
2026-02-13 13:49:43,27.05,1000,buy,2026-02-13_134943_270500_1000,13/02/2026,HPG,150.0,11551400,310803985000.0
2026-02-13 13:49:45,27.05,200,buy,2026-02-13_134945_270500_200,13/02/2026,HPG,150.0,11551600,310809395000.0
2026-02-13 13:49:46,27.05,600,buy,2026-02-13_134946_270500_600,13/02/2026,HPG,150.0,11552200,310825625000.0
2026-02-13 13:49:50,27.05,10000,buy,2026-02-13_134950_270500_10000,13/02/2026,HPG,150.0,11562200,311096125000.0
2026-02-13 13:49:51,27.05,1500,buy,2026-02-13_134951_270500_1500,13/02/2026,HPG,150.0,11563700,311136700000.0
2026-02-13 13:49:53,27.05,1000,buy,2026-02-13_134953_270500_1000,13/02/2026,HPG,150.0,11564700,311163750000.0
2026-02-13 13:49:57,27.0,3000,sell,2026-02-13_134957_270000_3000,13/02/2026,HPG,100.0,11567700,311244750000.0
2026-02-13 13:49:58,27.05,100,buy,2026-02-13_134958_270500_100,13/02/2026,HPG,150.0,11567800,311247455000.0
2026-02-13 13:49:58,27.05,300,buy,2026-02-13_134958_270500_300,13/02/2026,HPG,150.0,11568100,311255570000.0
2026-02-13 13:50:03,27.0,200,sell,2026-02-13_135003_270000_200,13/02/2026,HPG,100.0,11568300,311260970000.0
2026-02-13 13:50:04,27.0,400,sell,2026-02-13_135004_270000_400,13/02/2026,HPG,100.0,11568700,311271770000.0
2026-02-13 13:50:08,27.0,4100,sell,2026-02-13_135008_270000_4100,13/02/2026,HPG,100.0,11572800,311382470000.0
2026-02-13 13:50:12,27.0,2000,sell,2026-02-13_135012_270000_2000,13/02/2026,HPG,100.0,11574800,311436470000.0
2026-02-13 13:50:17,27.05,600,buy,2026-02-13_135017_270500_600,13/02/2026,HPG,150.0,11575400,311452700000.0
2026-02-13 13:50:19,27.05,1500,buy,2026-02-13_135019_270500_1500,13/02/2026,HPG,150.0,11577000,311495975000.0
2026-02-13 13:50:19,27.0,100,sell,2026-02-13_135019_270000_100,13/02/2026,HPG,100.0,11575500,311455400000.0
2026-02-13 13:50:23,27.0,17400,sell,2026-02-13_135023_270000_17400,13/02/2026,HPG,100.0,11594400,311965775000.0
2026-02-13 13:50:24,27.05,3000,buy,2026-02-13_135024_270500_3000,13/02/2026,HPG,150.0,11597400,312046925000.0
2026-02-13 13:50:26,27.0,2000,sell,2026-02-13_135026_270000_2000,13/02/2026,HPG,100.0,11599400,312100925000.0
2026-02-13 13:50:29,27.05,1400,buy,2026-02-13_135029_270500_1400,13/02/2026,HPG,150.0,11600800,312138795000.0
2026-02-13 13:50:33,27.05,100,buy,2026-02-13_135033_270500_100,13/02/2026,HPG,150.0,11600900,312141500000.0
2026-02-13 13:50:37,27.05,23200,buy,2026-02-13_135037_270500_23200,13/02/2026,HPG,150.0,11624100,312769060000.0
2026-02-13 13:50:41,27.05,10000,buy,2026-02-13_135041_270500_10000,13/02/2026,HPG,150.0,11634100,313039560000.0
2026-02-13 13:50:42,27.0,2000,sell,2026-02-13_135042_270000_2000,13/02/2026,HPG,100.0,11636100,313093560000.0
2026-02-13 13:50:42,27.05,3700,buy,2026-02-13_135042_270500_3700,13/02/2026,HPG,150.0,11639800,313193645000.0
2026-02-13 13:50:44,27.05,7300,buy,2026-02-13_135044_270500_7300,13/02/2026,HPG,150.0,11647100,313391110000.0
2026-02-13 13:50:47,27.05,100,buy,2026-02-13_135047_270500_100,13/02/2026,HPG,150.0,11647200,313393815000.0
2026-02-13 13:50:47,27.0,100,sell,2026-02-13_135047_270000_100,13/02/2026,HPG,100.0,11647300,313396515000.0
2026-02-13 13:50:51,27.05,600,buy,2026-02-13_135051_270500_600,13/02/2026,HPG,150.0,11647900,313412745000.0
2026-02-13 13:50:57,27.05,2900,buy,2026-02-13_135057_270500_2900,13/02/2026,HPG,150.0,11650800,313491190000.0
2026-02-13 13:50:58,27.0,100,sell,2026-02-13_135058_270000_100,13/02/2026,HPG,100.0,11650900,313493890000.0
2026-02-13 13:51:09,27.0,200,sell,2026-02-13_135109_270000_200,13/02/2026,HPG,100.0,11651100,313499290000.0
2026-02-13 13:51:10,27.05,1000,buy,2026-02-13_135110_270500_1000,13/02/2026,HPG,150.0,11652100,313526340000.0
2026-02-13 13:51:13,27.05,2000,buy,2026-02-13_135113_270500_2000,13/02/2026,HPG,150.0,11654100,313580440000.0
2026-02-13 13:51:13,27.05,1000,buy,2026-02-13_135113_270500_1000,13/02/2026,HPG,150.0,11655100,313607490000.0
2026-02-13 13:51:15,27.0,500,sell,2026-02-13_135115_270000_500,13/02/2026,HPG,100.0,11655600,313620990000.0
2026-02-13 13:51:18,27.05,100,buy,2026-02-13_135118_270500_100,13/02/2026,HPG,150.0,11655700,313623695000.0
2026-02-13 13:51:23,27.05,1700,buy,2026-02-13_135123_270500_1700,13/02/2026,HPG,150.0,11657600,313675090000.0
2026-02-13 13:51:23,27.05,200,buy,2026-02-13_135123_270500_200,13/02/2026,HPG,150.0,11655900,313629105000.0
2026-02-13 13:51:25,27.05,600,buy,2026-02-13_135125_270500_600,13/02/2026,HPG,150.0,11658200,313691320000.0
2026-02-13 13:51:27,27.05,200,buy,2026-02-13_135127_270500_200,13/02/2026,HPG,150.0,11658400,313696730000.0
2026-02-13 13:51:29,27.05,2700,buy,2026-02-13_135129_270500_2700,13/02/2026,HPG,150.0,11661100,313769765000.0
2026-02-13 13:51:30,27.05,600,buy,2026-02-13_135130_270500_600,13/02/2026,HPG,150.0,11661700,313785995000.0
2026-02-13 13:51:31,27.05,100,buy,2026-02-13_135131_270500_100,13/02/2026,HPG,150.0,11661800,313788700000.0
2026-02-13 13:51:33,27.05,300,buy,2026-02-13_135133_270500_300,13/02/2026,HPG,150.0,11662100,313796815000.0
2026-02-13 13:51:35,27.05,2500,buy,2026-02-13_135135_270500_2500,13/02/2026,HPG,150.0,11664600,313864440000.0
2026-02-13 13:51:36,27.05,23200,buy,2026-02-13_135136_270500_23200,13/02/2026,HPG,150.0,11687800,314492000000.0
2026-02-13 13:51:37,27.05,30000,buy,2026-02-13_135137_270500_30000,13/02/2026,HPG,150.0,11717800,315303500000.0
2026-02-13 13:51:38,27.05,900,buy,2026-02-13_135138_270500_900,13/02/2026,HPG,150.0,11718700,315327845000.0
2026-02-13 13:51:43,27.0,200,sell,2026-02-13_135143_270000_200,13/02/2026,HPG,100.0,11718900,315333245000.0
2026-02-13 13:51:48,27.05,3000,buy,2026-02-13_135148_270500_3000,13/02/2026,HPG,150.0,11721900,315414395000.0
2026-02-13 13:51:50,27.05,100,buy,2026-02-13_135150_270500_100,13/02/2026,HPG,150.0,11722000,315417100000.0
2026-02-13 13:51:50,27.05,14000,buy,2026-02-13_135150_270500_14000,13/02/2026,HPG,150.0,11736000,315795800000.0
2026-02-13 13:51:51,27.05,5800,buy,2026-02-13_135151_270500_5800,13/02/2026,HPG,150.0,11741800,315952690000.0
2026-02-13 13:51:51,27.0,500,sell,2026-02-13_135151_270000_500,13/02/2026,HPG,100.0,11742300,315966190000.0
2026-02-13 13:51:52,27.05,1000,buy,2026-02-13_135152_270500_1000,13/02/2026,HPG,150.0,11743300,315993240000.0
2026-02-13 13:51:54,27.05,5000,buy,2026-02-13_135154_270500_5000,13/02/2026,HPG,150.0,11748300,316128490000.0
2026-02-13 13:51:56,27.05,2000,buy,2026-02-13_135156_270500_2000,13/02/2026,HPG,150.0,11750300,316182590000.0
2026-02-13 13:51:58,27.05,500,buy,2026-02-13_135158_270500_500,13/02/2026,HPG,150.0,11750800,316196115000.0
2026-02-13 13:52:01,27.0,100,sell,2026-02-13_135201_270000_100,13/02/2026,HPG,100.0,11750900,316198815000.0
2026-02-13 13:52:04,27.05,100,buy,2026-02-13_135204_270500_100,13/02/2026,HPG,150.0,11751000,316201520000.0
2026-02-13 13:52:05,27.05,23200,buy,2026-02-13_135205_270500_23200,13/02/2026,HPG,150.0,11774200,316829080000.0
2026-02-13 13:52:05,27.05,5000,buy,2026-02-13_135205_270500_5000,13/02/2026,HPG,150.0,11779200,316964330000.0
2026-02-13 13:52:06,27.05,500,buy,2026-02-13_135206_270500_500,13/02/2026,HPG,150.0,11779700,316977855000.0
2026-02-13 13:52:09,27.05,100,buy,2026-02-13_135209_270500_100,13/02/2026,HPG,150.0,11779800,316980560000.0
2026-02-13 13:52:12,27.05,500,buy,2026-02-13_135212_270500_500,13/02/2026,HPG,150.0,11780300,316994085000.0
2026-02-13 13:52:13,27.05,2000,buy,2026-02-13_135213_270500_2000,13/02/2026,HPG,150.0,11782300,317048185000.0
2026-02-13 13:52:14,27.05,1000,buy,2026-02-13_135214_270500_1000,13/02/2026,HPG,150.0,11783300,317075235000.0
2026-02-13 13:52:17,27.05,5000,buy,2026-02-13_135217_270500_5000,13/02/2026,HPG,150.0,11788300,317210485000.0
2026-02-13 13:52:21,27.0,5000,sell,2026-02-13_135221_270000_5000,13/02/2026,HPG,100.0,11793300,317345485000.0
2026-02-13 13:52:22,27.05,3500,buy,2026-02-13_135222_270500_3500,13/02/2026,HPG,150.0,11796800,317440160000.0
2026-02-13 13:52:25,27.05,100,buy,2026-02-13_135225_270500_100,13/02/2026,HPG,150.0,11796900,317442865000.0
2026-02-13 13:52:27,27.0,100,sell,2026-02-13_135227_270000_100,13/02/2026,HPG,100.0,11797000,317445565000.0
2026-02-13 13:52:28,27.05,100,buy,2026-02-13_135228_270500_100,13/02/2026,HPG,150.0,11797100,317448270000.0
2026-02-13 13:52:31,27.05,200,buy,2026-02-13_135231_270500_200,13/02/2026,HPG,150.0,11797300,317453680000.0
2026-02-13 13:52:31,27.05,600,buy,2026-02-13_135231_270500_600,13/02/2026,HPG,150.0,11797900,317469910000.0
2026-02-13 13:52:35,27.0,300,sell,2026-02-13_135235_270000_300,13/02/2026,HPG,100.0,11799100,317502355000.0
2026-02-13 13:52:35,27.05,900,buy,2026-02-13_135235_270500_900,13/02/2026,HPG,150.0,11798800,317494255000.0
2026-02-13 13:52:38,27.05,300,buy,2026-02-13_135238_270500_300,13/02/2026,HPG,150.0,11799400,317510470000.0
2026-02-13 13:52:40,27.05,100,buy,2026-02-13_135240_270500_100,13/02/2026,HPG,150.0,11799500,317513175000.0
2026-02-13 13:52:42,27.05,1000,buy,2026-02-13_135242_270500_1000,13/02/2026,HPG,150.0,11800500,317540225000.0
2026-02-13 13:52:46,27.05,5000,buy,2026-02-13_135246_270500_5000,13/02/2026,HPG,150.0,11805500,317675475000.0
2026-02-13 13:52:49,27.05,100,buy,2026-02-13_135249_270500_100,13/02/2026,HPG,150.0,11805600,317678180000.0
2026-02-13 13:52:49,27.05,1300,buy,2026-02-13_135249_270500_1300,13/02/2026,HPG,150.0,11806900,317713345000.0
2026-02-13 13:52:52,27.05,3300,buy,2026-02-13_135252_270500_3300,13/02/2026,HPG,150.0,11810200,317802610000.0
2026-02-13 13:52:54,27.05,500,buy,2026-02-13_135254_270500_500,13/02/2026,HPG,150.0,11810700,317816135000.0
2026-02-13 13:52:55,27.05,200,buy,2026-02-13_135255_270500_200,13/02/2026,HPG,150.0,11810900,317821545000.0
2026-02-13 13:52:57,27.05,200,buy,2026-02-13_135257_270500_200,13/02/2026,HPG,150.0,11811100,317826955000.0
2026-02-13 13:52:58,27.05,1600,buy,2026-02-13_135258_270500_1600,13/02/2026,HPG,150.0,11812700,317870235000.0
2026-02-13 13:52:58,27.05,23200,buy,2026-02-13_135258_270500_23200,13/02/2026,HPG,150.0,11835900,318497795000.0
2026-02-13 13:52:59,27.05,200,buy,2026-02-13_135259_270500_200,13/02/2026,HPG,150.0,11836100,318503205000.0
2026-02-13 13:53:06,27.05,2100,buy,2026-02-13_135306_270500_2100,13/02/2026,HPG,150.0,11838200,318560010000.0
2026-02-13 13:53:10,27.05,1000,buy,2026-02-13_135310_270500_1000,13/02/2026,HPG,150.0,11839200,318587060000.0
2026-02-13 13:53:11,27.05,2000,buy,2026-02-13_135311_270500_2000,13/02/2026,HPG,150.0,11846200,318776410000.0
2026-02-13 13:53:11,27.05,5000,buy,2026-02-13_135311_270500_5000,13/02/2026,HPG,150.0,11844200,318722310000.0
2026-02-13 13:53:13,27.05,1100,buy,2026-02-13_135313_270500_1100,13/02/2026,HPG,150.0,11849300,318860265000.0
2026-02-13 13:53:13,27.05,2000,buy,2026-02-13_135313_270500_2000,13/02/2026,HPG,150.0,11848200,318830510000.0
2026-02-13 13:53:14,27.05,500,buy,2026-02-13_135314_270500_500,13/02/2026,HPG,150.0,11849800,318873790000.0
2026-02-13 13:53:14,27.0,100,sell,2026-02-13_135314_270000_100,13/02/2026,HPG,100.0,11849900,318876490000.0
2026-02-13 13:53:15,27.05,2000,buy,2026-02-13_135315_270500_2000,13/02/2026,HPG,150.0,11851900,318930590000.0
2026-02-13 13:53:16,27.05,3000,buy,2026-02-13_135316_270500_3000,13/02/2026,HPG,150.0,11855500,319027940000.0
2026-02-13 13:53:16,27.0,600,sell,2026-02-13_135316_270000_600,13/02/2026,HPG,100.0,11852500,318946790000.0
2026-02-13 13:53:17,27.05,3000,buy,2026-02-13_135317_270500_3000,13/02/2026,HPG,150.0,11858500,319109090000.0
2026-02-13 13:53:18,27.05,1800,buy,2026-02-13_135318_270500_1800,13/02/2026,HPG,150.0,11860300,319157780000.0
2026-02-13 13:53:19,27.05,2000,buy,2026-02-13_135319_270500_2000,13/02/2026,HPG,150.0,11862300,319211880000.0
2026-02-13 13:53:21,27.05,100,buy,2026-02-13_135321_270500_100,13/02/2026,HPG,150.0,11862400,319214585000.0
2026-02-13 13:53:21,27.05,300,buy,2026-02-13_135321_270500_300,13/02/2026,HPG,150.0,11862700,319222700000.0
2026-02-13 13:53:22,27.05,500,buy,2026-02-13_135322_270500_500,13/02/2026,HPG,150.0,11888700,319926000000.0
2026-02-13 13:53:22,27.05,14500,buy,2026-02-13_135322_270500_14500,13/02/2026,HPG,150.0,11877200,319614925000.0
2026-02-13 13:53:22,27.05,11000,buy,2026-02-13_135322_270500_11000,13/02/2026,HPG,150.0,11888200,319912475000.0
2026-02-13 13:53:24,27.05,100,buy,2026-02-13_135324_270500_100,13/02/2026,HPG,150.0,11888800,319928705000.0
2026-02-13 13:53:25,27.05,200,buy,2026-02-13_135325_270500_200,13/02/2026,HPG,150.0,11889000,319934115000.0
2026-02-13 13:53:26,27.05,500,buy,2026-02-13_135326_270500_500,13/02/2026,HPG,150.0,11889500,319947640000.0
2026-02-13 13:53:27,27.05,1000,buy,2026-02-13_135327_270500_1000,13/02/2026,HPG,150.0,11890500,319974690000.0
2026-02-13 13:53:27,27.0,200,sell,2026-02-13_135327_270000_200,13/02/2026,HPG,100.0,11890700,319980090000.0
2026-02-13 13:53:27,27.05,1900,buy,2026-02-13_135327_270500_1900,13/02/2026,HPG,150.0,11892600,320031485000.0
2026-02-13 13:53:29,27.05,23200,buy,2026-02-13_135329_270500_23200,13/02/2026,HPG,150.0,11915800,320659045000.0
2026-02-13 13:53:29,27.05,1000,buy,2026-02-13_135329_270500_1000,13/02/2026,HPG,150.0,11916800,320686095000.0
2026-02-13 13:53:32,27.05,900,buy,2026-02-13_135332_270500_900,13/02/2026,HPG,150.0,11917700,320710440000.0
2026-02-13 13:53:34,27.05,1000,buy,2026-02-13_135334_270500_1000,13/02/2026,HPG,150.0,11918700,320737490000.0
2026-02-13 13:53:34,27.05,600,buy,2026-02-13_135334_270500_600,13/02/2026,HPG,150.0,11919300,320753720000.0
2026-02-13 13:53:35,27.05,2000,buy,2026-02-13_135335_270500_2000,13/02/2026,HPG,150.0,11921300,320807820000.0
2026-02-13 13:53:37,27.0,900,sell,2026-02-13_135337_270000_900,13/02/2026,HPG,100.0,11922200,320832120000.0
2026-02-13 13:53:38,27.05,1200,buy,2026-02-13_135338_270500_1200,13/02/2026,HPG,150.0,11923400,320864580000.0
2026-02-13 13:53:39,27.0,100,sell,2026-02-13_135339_270000_100,13/02/2026,HPG,100.0,11923500,320867280000.0
2026-02-13 13:53:40,27.05,500,buy,2026-02-13_135340_270500_500,13/02/2026,HPG,150.0,11924000,320880805000.0
2026-02-13 13:53:41,27.05,600,buy,2026-02-13_135341_270500_600,13/02/2026,HPG,150.0,11924600,320897035000.0
2026-02-13 13:53:42,27.05,600,buy,2026-02-13_135342_270500_600,13/02/2026,HPG,150.0,11925200,320913265000.0
2026-02-13 13:53:42,27.0,500,sell,2026-02-13_135342_270000_500,13/02/2026,HPG,100.0,11925700,320926765000.0
2026-02-13 13:53:46,27.05,5000,buy,2026-02-13_135346_270500_5000,13/02/2026,HPG,150.0,11930700,321062015000.0
2026-02-13 13:53:47,27.05,47900,buy,2026-02-13_135347_270500_47900,13/02/2026,HPG,150.0,11978600,322357710000.0
2026-02-13 13:53:52,27.05,1600,sell,2026-02-13_135352_270500_1600,13/02/2026,HPG,150.0,11980200,322400990000.0
2026-02-13 13:53:55,27.05,1000,sell,2026-02-13_135355_270500_1000,13/02/2026,HPG,150.0,11981200,322428040000.0
2026-02-13 13:53:56,27.05,300,sell,2026-02-13_135356_270500_300,13/02/2026,HPG,150.0,11981500,322436155000.0
2026-02-13 13:53:57,27.1,23200,buy,2026-02-13_135357_271000_23200,13/02/2026,HPG,200.0,12004700,323064875000.0
2026-02-13 13:54:00,27.05,1000,sell,2026-02-13_135400_270500_1000,13/02/2026,HPG,150.0,12005700,323091925000.0
2026-02-13 13:54:03,27.05,5000,sell,2026-02-13_135403_270500_5000,13/02/2026,HPG,150.0,12010700,323227175000.0
2026-02-13 13:54:04,27.05,100,sell,2026-02-13_135404_270500_100,13/02/2026,HPG,150.0,12010800,323229880000.0
2026-02-13 13:54:05,27.05,33600,sell,2026-02-13_135405_270500_33600,13/02/2026,HPG,150.0,12044400,324138760000.0
2026-02-13 13:54:08,27.05,500,buy,2026-02-13_135408_270500_500,13/02/2026,HPG,150.0,12044900,324152285000.0
2026-02-13 13:54:10,27.05,900,buy,2026-02-13_135410_270500_900,13/02/2026,HPG,150.0,12045800,324176630000.0
2026-02-13 13:54:10,27.05,3000,buy,2026-02-13_135410_270500_3000,13/02/2026,HPG,150.0,12048800,324257780000.0
2026-02-13 13:54:13,27.05,700,buy,2026-02-13_135413_270500_700,13/02/2026,HPG,150.0,12049500,324276715000.0
2026-02-13 13:54:13,27.05,100,buy,2026-02-13_135413_270500_100,13/02/2026,HPG,150.0,12049600,324279420000.0
2026-02-13 13:54:15,27.05,100,buy,2026-02-13_135415_270500_100,13/02/2026,HPG,150.0,12049700,324282125000.0
2026-02-13 13:54:17,27.05,500,buy,2026-02-13_135417_270500_500,13/02/2026,HPG,150.0,12050200,324295650000.0
2026-02-13 13:54:20,27.0,100,sell,2026-02-13_135420_270000_100,13/02/2026,HPG,100.0,12050300,324298350000.0
2026-02-13 13:54:21,27.0,300,sell,2026-02-13_135421_270000_300,13/02/2026,HPG,100.0,12053400,324382190000.0
2026-02-13 13:54:21,27.05,1800,buy,2026-02-13_135421_270500_1800,13/02/2026,HPG,150.0,12052100,324347040000.0
2026-02-13 13:54:21,27.05,1000,buy,2026-02-13_135421_270500_1000,13/02/2026,HPG,150.0,12053100,324374090000.0
2026-02-13 13:54:27,27.05,200,buy,2026-02-13_135427_270500_200,13/02/2026,HPG,150.0,12054600,324414650000.0
2026-02-13 13:54:27,27.05,100,buy,2026-02-13_135427_270500_100,13/02/2026,HPG,150.0,12054700,324417355000.0
2026-02-13 13:54:28,27.05,1000,buy,2026-02-13_135428_270500_1000,13/02/2026,HPG,150.0,12056700,324471455000.0
2026-02-13 13:54:32,27.05,5000,buy,2026-02-13_135432_270500_5000,13/02/2026,HPG,150.0,12061700,324606705000.0
2026-02-13 13:54:33,27.05,1000,buy,2026-02-13_135433_270500_1000,13/02/2026,HPG,150.0,12062700,324633755000.0
2026-02-13 13:54:34,27.05,9500,buy,2026-02-13_135434_270500_9500,13/02/2026,HPG,150.0,12072700,324904255000.0
2026-02-13 13:54:34,27.05,500,buy,2026-02-13_135434_270500_500,13/02/2026,HPG,150.0,12063200,324647280000.0
2026-02-13 13:54:37,27.1,2700,buy,2026-02-13_135437_271000_2700,13/02/2026,HPG,200.0,12075400,324977425000.0
2026-02-13 13:54:38,27.1,2700,buy,2026-02-13_135438_271000_2700,13/02/2026,HPG,200.0,12078100,325050595000.0
2026-02-13 13:54:39,27.1,300,buy,2026-02-13_135439_271000_300,13/02/2026,HPG,200.0,12078400,325058725000.0
2026-02-13 13:54:43,27.05,400,sell,2026-02-13_135443_270500_400,13/02/2026,HPG,150.0,12078800,325069545000.0
2026-02-13 13:54:46,27.1,500,buy,2026-02-13_135446_271000_500,13/02/2026,HPG,200.0,12079300,325083095000.0
2026-02-13 13:54:49,27.05,48200,sell,2026-02-13_135449_270500_48200,13/02/2026,HPG,150.0,12127500,326386905000.0
2026-02-13 13:54:52,27.05,500,buy,2026-02-13_135452_270500_500,13/02/2026,HPG,150.0,12128000,326400430000.0
2026-02-13 13:54:53,27.05,1800,buy,2026-02-13_135453_270500_1800,13/02/2026,HPG,150.0,12129800,326449120000.0
2026-02-13 13:54:53,27.05,200,sell,2026-02-13_135453_270500_200,13/02/2026,HPG,150.0,12130000,326454530000.0
2026-02-13 13:54:54,27.05,500,buy,2026-02-13_135454_270500_500,13/02/2026,HPG,150.0,12130500,326468055000.0
2026-02-13 13:54:56,27.05,1500,sell,2026-02-13_135456_270500_1500,13/02/2026,HPG,150.0,12132000,326508630000.0
2026-02-13 13:54:57,27.05,500,buy,2026-02-13_135457_270500_500,13/02/2026,HPG,150.0,12132500,326522155000.0
2026-02-13 13:55:03,27.05,300,buy,2026-02-13_135503_270500_300,13/02/2026,HPG,150.0,12132800,326530270000.0
2026-02-13 13:55:05,27.05,100,sell,2026-02-13_135505_270500_100,13/02/2026,HPG,150.0,12132900,326532975000.0
2026-02-13 13:55:10,27.05,5000,sell,2026-02-13_135510_270500_5000,13/02/2026,HPG,150.0,12137900,326668225000.0
2026-02-13 13:55:11,27.05,2000,sell,2026-02-13_135511_270500_2000,13/02/2026,HPG,150.0,12139900,326722325000.0
2026-02-13 13:55:13,27.1,2700,buy,2026-02-13_135513_271000_2700,13/02/2026,HPG,200.0,12142600,326795495000.0
2026-02-13 13:55:14,27.1,23200,buy,2026-02-13_135514_271000_23200,13/02/2026,HPG,200.0,12165800,327424215000.0
2026-02-13 13:55:17,27.1,200,buy,2026-02-13_135517_271000_200,13/02/2026,HPG,200.0,12166000,327429635000.0
2026-02-13 13:55:21,27.1,700,buy,2026-02-13_135521_271000_700,13/02/2026,HPG,200.0,12166700,327448605000.0
2026-02-13 13:55:32,27.1,500,buy,2026-02-13_135532_271000_500,13/02/2026,HPG,200.0,12167200,327462155000.0
2026-02-13 13:55:35,27.05,100,sell,2026-02-13_135535_270500_100,13/02/2026,HPG,150.0,12167300,327464860000.0
2026-02-13 13:55:37,27.05,100,sell,2026-02-13_135537_270500_100,13/02/2026,HPG,150.0,12167400,327467565000.0
2026-02-13 13:55:37,27.05,4100,sell,2026-02-13_135537_270500_4100,13/02/2026,HPG,150.0,12171500,327578470000.0
2026-02-13 13:55:41,27.1,400,buy,2026-02-13_135541_271000_400,13/02/2026,HPG,200.0,12171900,327589310000.0
2026-02-13 13:55:42,27.1,100,buy,2026-02-13_135542_271000_100,13/02/2026,HPG,200.0,12172000,327592020000.0
2026-02-13 13:55:44,27.1,10000,buy,2026-02-13_135544_271000_10000,13/02/2026,HPG,200.0,12182000,327863020000.0
2026-02-13 13:55:46,27.1,23200,buy,2026-02-13_135546_271000_23200,13/02/2026,HPG,200.0,12205200,328491740000.0
2026-02-13 13:55:54,27.05,1400,sell,2026-02-13_135554_270500_1400,13/02/2026,HPG,150.0,12206600,328529610000.0
2026-02-13 13:55:55,27.1,500,buy,2026-02-13_135555_271000_500,13/02/2026,HPG,200.0,12207100,328543160000.0
2026-02-13 13:55:59,27.1,100,buy,2026-02-13_135559_271000_100,13/02/2026,HPG,200.0,12207200,328545870000.0
2026-02-13 13:56:17,27.1,2300,buy,2026-02-13_135617_271000_2300,13/02/2026,HPG,200.0,12209500,328608200000.0
2026-02-13 13:56:20,27.1,500,buy,2026-02-13_135620_271000_500,13/02/2026,HPG,200.0,12210000,328621750000.0
2026-02-13 13:56:21,27.1,23200,buy,2026-02-13_135621_271000_23200,13/02/2026,HPG,200.0,12233200,329250470000.0
2026-02-13 13:56:23,27.05,100,sell,2026-02-13_135623_270500_100,13/02/2026,HPG,150.0,12233300,329253175000.0
2026-02-13 13:56:26,27.1,1500,buy,2026-02-13_135626_271000_1500,13/02/2026,HPG,200.0,12234800,329293825000.0
2026-02-13 13:56:29,27.1,600,buy,2026-02-13_135629_271000_600,13/02/2026,HPG,200.0,12235400,329310085000.0
2026-02-13 13:56:31,27.05,100,sell,2026-02-13_135631_270500_100,13/02/2026,HPG,150.0,12235500,329312790000.0
2026-02-13 13:56:37,27.05,11800,sell,2026-02-13_135637_270500_11800,13/02/2026,HPG,150.0,12247300,329631980000.0
2026-02-13 13:56:38,27.1,500,buy,2026-02-13_135638_271000_500,13/02/2026,HPG,200.0,12247800,329645530000.0
2026-02-13 13:56:40,27.1,200,buy,2026-02-13_135640_271000_200,13/02/2026,HPG,200.0,12248000,329650950000.0
2026-02-13 13:56:42,27.1,20000,buy,2026-02-13_135642_271000_20000,13/02/2026,HPG,200.0,12268000,330192950000.0
2026-02-13 13:56:47,27.05,12500,sell,2026-02-13_135647_270500_12500,13/02/2026,HPG,150.0,12280700,330536485000.0
2026-02-13 13:56:47,27.05,200,sell,2026-02-13_135647_270500_200,13/02/2026,HPG,150.0,12268200,330198360000.0
2026-02-13 13:56:49,27.1,20000,buy,2026-02-13_135649_271000_20000,13/02/2026,HPG,200.0,12300700,331078485000.0
2026-02-13 13:56:50,27.1,10000,buy,2026-02-13_135650_271000_10000,13/02/2026,HPG,200.0,12310700,331349485000.0
2026-02-13 13:56:51,27.1,49300,buy,2026-02-13_135651_271000_49300,13/02/2026,HPG,200.0,12360300,332693645000.0
2026-02-13 13:56:51,27.1,300,buy,2026-02-13_135651_271000_300,13/02/2026,HPG,200.0,12311000,331357615000.0
2026-02-13 13:56:51,27.05,100,sell,2026-02-13_135651_270500_100,13/02/2026,HPG,150.0,12360400,332696350000.0
2026-02-13 13:56:54,27.1,5200,buy,2026-02-13_135654_271000_5200,13/02/2026,HPG,200.0,12365600,332837270000.0
2026-02-13 13:56:54,27.1,100,buy,2026-02-13_135654_271000_100,13/02/2026,HPG,200.0,12365700,332839980000.0
2026-02-13 13:56:58,27.1,20000,buy,2026-02-13_135658_271000_20000,13/02/2026,HPG,200.0,12385700,333381980000.0
2026-02-13 13:57:01,27.1,500,buy,2026-02-13_135701_271000_500,13/02/2026,HPG,200.0,12386200,333395530000.0
2026-02-13 13:57:02,27.1,15900,buy,2026-02-13_135702_271000_15900,13/02/2026,HPG,200.0,12402800,333845390000.0
2026-02-13 13:57:02,27.1,100,buy,2026-02-13_135702_271000_100,13/02/2026,HPG,200.0,12386900,333414500000.0
2026-02-13 13:57:02,27.1,600,buy,2026-02-13_135702_271000_600,13/02/2026,HPG,200.0,12386800,333411790000.0
2026-02-13 13:57:03,27.1,34100,buy,2026-02-13_135703_271000_34100,13/02/2026,HPG,200.0,12436900,334769500000.0
2026-02-13 13:57:05,27.1,43200,buy,2026-02-13_135705_271000_43200,13/02/2026,HPG,200.0,12480100,335940220000.0
2026-02-13 13:57:05,27.05,9200,sell,2026-02-13_135705_270500_9200,13/02/2026,HPG,150.0,12489300,336189080000.0
2026-02-13 13:57:06,27.1,4000,buy,2026-02-13_135706_271000_4000,13/02/2026,HPG,200.0,12493300,336297480000.0
2026-02-13 13:57:07,27.1,5000,buy,2026-02-13_135707_271000_5000,13/02/2026,HPG,200.0,12498300,336432980000.0
2026-02-13 13:57:08,27.1,4500,buy,2026-02-13_135708_271000_4500,13/02/2026,HPG,200.0,12522800,337096930000.0
2026-02-13 13:57:08,27.1,20000,buy,2026-02-13_135708_271000_20000,13/02/2026,HPG,200.0,12518300,336974980000.0
2026-02-13 13:57:09,27.1,1000,buy,2026-02-13_135709_271000_1000,13/02/2026,HPG,200.0,12523800,337124030000.0
2026-02-13 13:57:09,27.1,300,buy,2026-02-13_135709_271000_300,13/02/2026,HPG,200.0,12524100,337132160000.0
2026-02-13 13:57:12,27.1,20000,buy,2026-02-13_135712_271000_20000,13/02/2026,HPG,200.0,12544100,337674160000.0
2026-02-13 13:57:13,27.1,5000,buy,2026-02-13_135713_271000_5000,13/02/2026,HPG,200.0,12549100,337809660000.0
2026-02-13 13:57:14,27.1,700,buy,2026-02-13_135714_271000_700,13/02/2026,HPG,200.0,12549800,337828630000.0
2026-02-13 13:57:14,27.1,23100,buy,2026-02-13_135714_271000_23100,13/02/2026,HPG,200.0,12572900,338454640000.0
2026-02-13 13:57:15,27.1,98000,buy,2026-02-13_135715_271000_98000,13/02/2026,HPG,200.0,12670900,341110440000.0
2026-02-13 13:57:15,27.1,400,sell,2026-02-13_135715_271000_400,13/02/2026,HPG,200.0,12671300,341121280000.0
2026-02-13 13:57:16,27.1,600,buy,2026-02-13_135716_271000_600,13/02/2026,HPG,200.0,12671900,341137540000.0
2026-02-13 13:57:17,27.1,2000,sell,2026-02-13_135717_271000_2000,13/02/2026,HPG,200.0,12673900,341191740000.0
2026-02-13 13:57:18,27.1,12500,sell,2026-02-13_135718_271000_12500,13/02/2026,HPG,200.0,12686400,341530490000.0
2026-02-13 13:57:19,27.15,20000,buy,2026-02-13_135719_271500_20000,13/02/2026,HPG,250.0,12706400,342073490000.0
2026-02-13 13:57:21,27.1,1500,sell,2026-02-13_135721_271000_1500,13/02/2026,HPG,200.0,12708000,342116855000.0
2026-02-13 13:57:21,27.15,100,buy,2026-02-13_135721_271500_100,13/02/2026,HPG,250.0,12706500,342076205000.0
2026-02-13 13:57:22,27.1,1800,sell,2026-02-13_135722_271000_1800,13/02/2026,HPG,200.0,12709800,342165635000.0
2026-02-13 13:57:23,27.1,1000,sell,2026-02-13_135723_271000_1000,13/02/2026,HPG,200.0,12714700,342298595000.0
2026-02-13 13:57:23,27.15,3400,buy,2026-02-13_135723_271500_3400,13/02/2026,HPG,250.0,12713200,342257945000.0
2026-02-13 13:57:23,27.1,500,sell,2026-02-13_135723_271000_500,13/02/2026,HPG,200.0,12713700,342271495000.0
2026-02-13 13:57:25,27.1,4100,sell,2026-02-13_135725_271000_4100,13/02/2026,HPG,200.0,12718800,342409705000.0
2026-02-13 13:57:26,27.1,20400,sell,2026-02-13_135726_271000_20400,13/02/2026,HPG,200.0,12739200,342962545000.0
2026-02-13 13:57:26,27.1,5900,sell,2026-02-13_135726_271000_5900,13/02/2026,HPG,200.0,12745100,343122435000.0
2026-02-13 13:57:28,27.1,100,sell,2026-02-13_135728_271000_100,13/02/2026,HPG,200.0,12745200,343125145000.0
2026-02-13 13:57:33,27.1,8200,sell,2026-02-13_135733_271000_8200,13/02/2026,HPG,200.0,12753400,343347365000.0
2026-02-13 13:57:34,27.1,7700,buy,2026-02-13_135734_271000_7700,13/02/2026,HPG,200.0,12761100,343556035000.0
2026-02-13 13:57:35,27.15,100,buy,2026-02-13_135735_271500_100,13/02/2026,HPG,250.0,12761200,343558750000.0
2026-02-13 13:57:36,27.15,1000,buy,2026-02-13_135736_271500_1000,13/02/2026,HPG,250.0,12762200,343585900000.0
2026-02-13 13:57:36,27.1,1200,sell,2026-02-13_135736_271000_1200,13/02/2026,HPG,200.0,12763400,343618420000.0
2026-02-13 13:57:37,27.15,23200,buy,2026-02-13_135737_271500_23200,13/02/2026,HPG,250.0,12786600,344248300000.0
2026-02-13 13:57:40,27.1,23700,sell,2026-02-13_135740_271000_23700,13/02/2026,HPG,200.0,12810300,344890570000.0
2026-02-13 13:57:41,27.1,500,sell,2026-02-13_135741_271000_500,13/02/2026,HPG,200.0,12810800,344904120000.0
2026-02-13 13:57:45,27.1,2000,sell,2026-02-13_135745_271000_2000,13/02/2026,HPG,200.0,12812800,344958320000.0
