time,price,volume,match_type,id,trading_date,symbol,price_change,accumulated_volume,accumulated_value
2026-02-23 09:00:01,47.0,100,buy,2026-02-23_090001_470000_100,23/02/2026,IDC,0.0,100,4700000.0
2026-02-23 09:00:03,47.0,2000,sell,2026-02-23_090003_470000_2000,23/02/2026,IDC,0.0,2100,98700000.0
2026-02-23 09:00:04,47.0,100,sell,2026-02-23_090004_470000_100,23/02/2026,IDC,0.0,2200,103400000.0
2026-02-23 09:00:08,47.2,100,buy,2026-02-23_090008_472000_100,23/02/2026,IDC,200.0,2300,108120000.0
2026-02-23 09:00:08,47.6,300,buy,2026-02-23_090008_476000_300,23/02/2026,IDC,600.0,2600,122400000.0
2026-02-23 09:00:11,47.2,100,sell,2026-02-23_090011_472000_100,23/02/2026,IDC,200.0,2700,127120000.0
2026-02-23 09:00:14,47.2,300,sell,2026-02-23_090014_472000_300,23/02/2026,IDC,200.0,3200,150720000.0
2026-02-23 09:00:14,47.2,200,sell,2026-02-23_090014_472000_200,23/02/2026,IDC,200.0,2900,136560000.0
2026-02-23 09:00:18,47.2,700,sell,2026-02-23_090018_472000_700,23/02/2026,IDC,200.0,3900,183760000.0
2026-02-23 09:00:18,47.1,800,sell,2026-02-23_090018_471000_800,23/02/2026,IDC,100.0,4700,221440000.0
2026-02-23 09:00:21,47.4,400,buy,2026-02-23_090021_474000_400,23/02/2026,IDC,400.0,5200,245130000.0
2026-02-23 09:00:21,47.3,100,buy,2026-02-23_090021_473000_100,23/02/2026,IDC,300.0,4800,226170000.0
2026-02-23 09:00:26,47.4,100,buy,2026-02-23_090026_474000_100,23/02/2026,IDC,400.0,5300,249870000.0
2026-02-23 09:00:26,47.5,200,buy,2026-02-23_090026_475000_200,23/02/2026,IDC,500.0,5500,259370000.0
2026-02-23 09:00:38,47.5,100,sell,2026-02-23_090038_475000_100,23/02/2026,IDC,500.0,5600,264120000.0
2026-02-23 09:00:46,47.6,300,buy,2026-02-23_090046_476000_300,23/02/2026,IDC,600.0,5900,278400000.0
2026-02-23 09:00:52,47.8,100,buy,2026-02-23_090052_478000_100,23/02/2026,IDC,800.0,6400,302240000.0
2026-02-23 09:00:52,47.9,4500,buy,2026-02-23_090052_479000_4500,23/02/2026,IDC,900.0,10900,517790000.0
2026-02-23 09:00:52,47.6,200,buy,2026-02-23_090052_476000_200,23/02/2026,IDC,600.0,6100,287920000.0
2026-02-23 09:00:52,47.7,200,buy,2026-02-23_090052_477000_200,23/02/2026,IDC,700.0,6300,297460000.0
2026-02-23 09:00:53,47.6,400,sell,2026-02-23_090053_476000_400,23/02/2026,IDC,600.0,11300,536830000.0
2026-02-23 09:01:07,47.9,400,buy,2026-02-23_090107_479000_400,23/02/2026,IDC,900.0,11700,555990000.0
2026-02-23 09:01:07,48.0,2900,buy,2026-02-23_090107_480000_2900,23/02/2026,IDC,1000.0,14600,695190000.0
2026-02-23 09:01:15,48.0,1000,buy,2026-02-23_090115_480000_1000,23/02/2026,IDC,1000.0,15600,743190000.0
2026-02-23 09:01:16,48.0,4000,buy,2026-02-23_090116_480000_4000,23/02/2026,IDC,1000.0,19600,935190000.0
2026-02-23 09:01:17,48.0,100,sell,2026-02-23_090117_480000_100,23/02/2026,IDC,1000.0,19700,939990000.0
2026-02-23 09:01:18,48.0,500,sell,2026-02-23_090118_480000_500,23/02/2026,IDC,1000.0,20200,963990000.0
2026-02-23 09:01:21,48.1,300,buy,2026-02-23_090121_481000_300,23/02/2026,IDC,1100.0,20500,978420000.0
2026-02-23 09:01:25,48.1,100,sell,2026-02-23_090125_481000_100,23/02/2026,IDC,1100.0,20600,983230000.0
2026-02-23 09:01:26,48.0,4300,sell,2026-02-23_090126_480000_4300,23/02/2026,IDC,1000.0,25600,1223300000.0
2026-02-23 09:01:26,48.1,700,sell,2026-02-23_090126_481000_700,23/02/2026,IDC,1100.0,21300,1016900000.0
2026-02-23 09:01:26,48.0,1100,sell,2026-02-23_090126_480000_1100,23/02/2026,IDC,1000.0,26700,1276100000.0
2026-02-23 09:01:27,48.0,1000,buy,2026-02-23_090127_480000_1000,23/02/2026,IDC,1000.0,27700,1324100000.0
2026-02-23 09:01:28,48.0,200,buy,2026-02-23_090128_480000_200,23/02/2026,IDC,1000.0,27900,1333700000.0
2026-02-23 09:01:35,47.9,3600,sell,2026-02-23_090135_479000_3600,23/02/2026,IDC,900.0,31500,1506140000.0
2026-02-23 09:01:39,48.0,500,buy,2026-02-23_090139_480000_500,23/02/2026,IDC,1000.0,32000,1530140000.0
2026-02-23 09:01:43,47.9,500,buy,2026-02-23_090143_479000_500,23/02/2026,IDC,900.0,32500,1554090000.0
2026-02-23 09:01:43,48.0,2100,buy,2026-02-23_090143_480000_2100,23/02/2026,IDC,1000.0,34600,1654890000.0
2026-02-23 09:01:45,47.9,500,sell,2026-02-23_090145_479000_500,23/02/2026,IDC,900.0,35100,1678840000.0
2026-02-23 09:01:46,47.9,100,buy,2026-02-23_090146_479000_100,23/02/2026,IDC,900.0,35200,1683630000.0
2026-02-23 09:01:46,48.0,300,buy,2026-02-23_090146_480000_300,23/02/2026,IDC,1000.0,35500,1698030000.0
2026-02-23 09:01:47,48.0,4000,buy,2026-02-23_090147_480000_4000,23/02/2026,IDC,1000.0,39500,1890030000.0
2026-02-23 09:02:09,47.9,1000,buy,2026-02-23_090209_479000_1000,23/02/2026,IDC,900.0,40500,1937930000.0
2026-02-23 09:02:15,47.8,2000,sell,2026-02-23_090215_478000_2000,23/02/2026,IDC,800.0,42500,2033530000.0
2026-02-23 09:02:19,47.8,200,buy,2026-02-23_090219_478000_200,23/02/2026,IDC,800.0,42700,2043090000.0
2026-02-23 09:02:20,47.8,1000,buy,2026-02-23_090220_478000_1000,23/02/2026,IDC,800.0,43700,2090890000.0
2026-02-23 09:02:21,47.8,200,buy,2026-02-23_090221_478000_200,23/02/2026,IDC,800.0,43900,2100450000.0
2026-02-23 09:02:29,47.8,1000,buy,2026-02-23_090229_478000_1000,23/02/2026,IDC,800.0,44900,2148250000.0
2026-02-23 09:02:33,47.8,3600,buy,2026-02-23_090233_478000_3600,23/02/2026,IDC,800.0,48500,2320330000.0
2026-02-23 09:02:33,47.8,200,sell,2026-02-23_090233_478000_200,23/02/2026,IDC,800.0,48700,2329890000.0
2026-02-23 09:02:36,47.8,2000,sell,2026-02-23_090236_478000_2000,23/02/2026,IDC,800.0,50700,2425490000.0
2026-02-23 09:02:40,47.8,2400,sell,2026-02-23_090240_478000_2400,23/02/2026,IDC,800.0,53100,2540210000.0
2026-02-23 09:02:49,47.8,1600,buy,2026-02-23_090249_478000_1600,23/02/2026,IDC,800.0,54700,2616690000.0
2026-02-23 09:02:49,47.9,3400,buy,2026-02-23_090249_479000_3400,23/02/2026,IDC,900.0,58100,2779550000.0
2026-02-23 09:03:09,47.8,2000,buy,2026-02-23_090309_478000_2000,23/02/2026,IDC,800.0,60100,2875150000.0
2026-02-23 09:03:11,47.8,200,buy,2026-02-23_090311_478000_200,23/02/2026,IDC,800.0,60300,2884710000.0
2026-02-23 09:03:17,47.8,1000,sell,2026-02-23_090317_478000_1000,23/02/2026,IDC,800.0,61300,2932510000.0
2026-02-23 09:03:18,47.8,1000,buy,2026-02-23_090318_478000_1000,23/02/2026,IDC,800.0,62300,2980310000.0
2026-02-23 09:03:26,47.9,5200,buy,2026-02-23_090326_479000_5200,23/02/2026,IDC,900.0,68500,3277190000.0
2026-02-23 09:03:26,47.8,1000,buy,2026-02-23_090326_478000_1000,23/02/2026,IDC,800.0,63300,3028110000.0
2026-02-23 09:03:26,48.0,13800,buy,2026-02-23_090326_480000_13800,23/02/2026,IDC,1000.0,82300,3939590000.0
2026-02-23 09:03:30,47.8,2000,buy,2026-02-23_090330_478000_2000,23/02/2026,IDC,800.0,84300,4035190000.0
2026-02-23 09:03:37,47.8,500,buy,2026-02-23_090337_478000_500,23/02/2026,IDC,800.0,84800,4059090000.0
2026-02-23 09:03:53,47.8,12100,buy,2026-02-23_090353_478000_12100,23/02/2026,IDC,800.0,96900,4637470000.0
2026-02-23 09:04:05,47.8,500,sell,2026-02-23_090405_478000_500,23/02/2026,IDC,800.0,97400,4661370000.0
2026-02-23 09:04:08,47.8,100,sell,2026-02-23_090408_478000_100,23/02/2026,IDC,800.0,97500,4666150000.0
2026-02-23 09:04:16,47.8,100,sell,2026-02-23_090416_478000_100,23/02/2026,IDC,800.0,97600,4670930000.0
2026-02-23 09:04:22,47.9,500,buy,2026-02-23_090422_479000_500,23/02/2026,IDC,900.0,98100,4694880000.0
2026-02-23 09:04:28,47.9,600,sell,2026-02-23_090428_479000_600,23/02/2026,IDC,900.0,98700,4723620000.0
2026-02-23 09:04:31,47.9,400,sell,2026-02-23_090431_479000_400,23/02/2026,IDC,900.0,99100,4742780000.0
2026-02-23 09:04:47,47.9,600,buy,2026-02-23_090447_479000_600,23/02/2026,IDC,900.0,99700,4771520000.0
2026-02-23 09:04:47,47.9,400,sell,2026-02-23_090447_479000_400,23/02/2026,IDC,900.0,100100,4790680000.0
2026-02-23 09:04:52,47.9,100,sell,2026-02-23_090452_479000_100,23/02/2026,IDC,900.0,100200,4795470000.0
2026-02-23 09:04:52,47.9,900,sell,2026-02-23_090452_479000_900,23/02/2026,IDC,900.0,101100,4838580000.0
2026-02-23 09:04:56,48.0,8200,buy,2026-02-23_090456_480000_8200,23/02/2026,IDC,1000.0,109300,5232180000.0
2026-02-23 09:05:05,48.0,1800,sell,2026-02-23_090505_480000_1800,23/02/2026,IDC,1000.0,111100,5318580000.0
2026-02-23 09:05:10,48.0,1500,buy,2026-02-23_090510_480000_1500,23/02/2026,IDC,1000.0,112600,5390580000.0
2026-02-23 09:05:12,48.0,600,sell,2026-02-23_090512_480000_600,23/02/2026,IDC,1000.0,113200,5419380000.0
2026-02-23 09:05:15,48.0,200,buy,2026-02-23_090515_480000_200,23/02/2026,IDC,1000.0,113400,5428980000.0
2026-02-23 09:05:17,48.0,2400,buy,2026-02-23_090517_480000_2400,23/02/2026,IDC,1000.0,115800,5544180000.0
2026-02-23 09:05:20,48.0,4000,sell,2026-02-23_090520_480000_4000,23/02/2026,IDC,1000.0,119800,5736180000.0
2026-02-23 09:05:20,47.9,1000,sell,2026-02-23_090520_479000_1000,23/02/2026,IDC,900.0,120800,5784080000.0
2026-02-23 09:05:22,47.8,19600,sell,2026-02-23_090522_478000_19600,23/02/2026,IDC,800.0,140400,6720960000.0
2026-02-23 09:05:25,47.9,5000,buy,2026-02-23_090525_479000_5000,23/02/2026,IDC,900.0,145400,6960460000.0
2026-02-23 09:05:26,47.7,4600,sell,2026-02-23_090526_477000_4600,23/02/2026,IDC,700.0,151000,7227680000.0
2026-02-23 09:05:26,47.8,1000,sell,2026-02-23_090526_478000_1000,23/02/2026,IDC,800.0,146400,7008260000.0
2026-02-23 09:05:37,48.0,500,buy,2026-02-23_090537_480000_500,23/02/2026,IDC,1000.0,152000,7275630000.0
2026-02-23 09:05:37,47.9,500,buy,2026-02-23_090537_479000_500,23/02/2026,IDC,900.0,151500,7251630000.0
2026-02-23 09:05:48,47.9,4000,buy,2026-02-23_090548_479000_4000,23/02/2026,IDC,900.0,156000,7467230000.0
2026-02-23 09:05:52,47.9,100,sell,2026-02-23_090552_479000_100,23/02/2026,IDC,900.0,156100,7472020000.0
2026-02-23 09:05:58,47.9,800,sell,2026-02-23_090558_479000_800,23/02/2026,IDC,900.0,156900,7510340000.0
2026-02-23 09:05:59,47.9,500,sell,2026-02-23_090559_479000_500,23/02/2026,IDC,900.0,157400,7534290000.0
2026-02-23 09:06:00,47.9,100,sell,2026-02-23_090600_479000_100,23/02/2026,IDC,900.0,157500,7539080000.0
2026-02-23 09:06:05,48.0,1000,buy,2026-02-23_090605_480000_1000,23/02/2026,IDC,1000.0,158500,7587080000.0
2026-02-23 09:06:08,47.9,500,sell,2026-02-23_090608_479000_500,23/02/2026,IDC,900.0,159000,7611030000.0
2026-02-23 09:06:12,47.9,2000,sell,2026-02-23_090612_479000_2000,23/02/2026,IDC,900.0,161000,7706830000.0
2026-02-23 09:06:20,48.0,5000,buy,2026-02-23_090620_480000_5000,23/02/2026,IDC,1000.0,166000,7946830000.0
2026-02-23 09:06:22,47.8,10900,sell,2026-02-23_090622_478000_10900,23/02/2026,IDC,800.0,181000,8664240000.0
2026-02-23 09:06:22,47.9,4100,sell,2026-02-23_090622_479000_4100,23/02/2026,IDC,900.0,170100,8143220000.0
2026-02-23 09:06:22,47.8,200,sell,2026-02-23_090622_478000_200,23/02/2026,IDC,800.0,181200,8673800000.0
2026-02-23 09:06:25,48.1,1800,buy,2026-02-23_090625_481000_1800,23/02/2026,IDC,1100.0,191200,9153980000.0
2026-02-23 09:06:25,48.0,8200,buy,2026-02-23_090625_480000_8200,23/02/2026,IDC,1000.0,189400,9067400000.0
2026-02-23 09:06:31,47.9,800,buy,2026-02-23_090631_479000_800,23/02/2026,IDC,900.0,192000,9192300000.0
2026-02-23 09:06:36,48.0,900,sell,2026-02-23_090636_480000_900,23/02/2026,IDC,1000.0,192900,9235500000.0
2026-02-23 09:06:43,48.0,300,sell,2026-02-23_090643_480000_300,23/02/2026,IDC,1000.0,193200,9249900000.0
2026-02-23 09:06:45,48.0,2000,sell,2026-02-23_090645_480000_2000,23/02/2026,IDC,1000.0,195200,9345900000.0
2026-02-23 09:06:52,48.0,300,sell,2026-02-23_090652_480000_300,23/02/2026,IDC,1000.0,195500,9360300000.0
2026-02-23 09:06:52,48.0,100,sell,2026-02-23_090652_480000_100,23/02/2026,IDC,1000.0,195600,9365100000.0
2026-02-23 09:06:59,48.0,1000,sell,2026-02-23_090659_480000_1000,23/02/2026,IDC,1000.0,196600,9413100000.0
2026-02-23 09:07:01,48.0,100,sell,2026-02-23_090701_480000_100,23/02/2026,IDC,1000.0,196700,9417900000.0
2026-02-23 09:07:02,48.0,200,sell,2026-02-23_090702_480000_200,23/02/2026,IDC,1000.0,196900,9427500000.0
2026-02-23 09:07:03,48.1,1000,buy,2026-02-23_090703_481000_1000,23/02/2026,IDC,1100.0,197900,9475600000.0
2026-02-23 09:07:09,48.0,500,sell,2026-02-23_090709_480000_500,23/02/2026,IDC,1000.0,198400,9499600000.0
2026-02-23 09:07:16,48.1,2900,buy,2026-02-23_090716_481000_2900,23/02/2026,IDC,1100.0,201300,9639090000.0
2026-02-23 09:07:32,48.1,1000,buy,2026-02-23_090732_481000_1000,23/02/2026,IDC,1100.0,202300,9687190000.0
2026-02-23 09:07:34,48.1,4500,buy,2026-02-23_090734_481000_4500,23/02/2026,IDC,1100.0,206800,9903640000.0
2026-02-23 09:07:40,48.1,1000,buy,2026-02-23_090740_481000_1000,23/02/2026,IDC,1100.0,207800,9951740000.0
2026-02-23 09:07:47,48.1,5000,buy,2026-02-23_090747_481000_5000,23/02/2026,IDC,1100.0,212800,10192240000.0
2026-02-23 09:07:55,48.0,500,sell,2026-02-23_090755_480000_500,23/02/2026,IDC,1000.0,213300,10216240000.0
2026-02-23 09:07:58,48.1,100,buy,2026-02-23_090758_481000_100,23/02/2026,IDC,1100.0,213400,10221050000.0
2026-02-23 09:08:07,48.0,5000,sell,2026-02-23_090807_480000_5000,23/02/2026,IDC,1000.0,218400,10461050000.0
2026-02-23 09:08:07,48.0,3800,sell,2026-02-23_090807_480000_3800,23/02/2026,IDC,1000.0,222200,10643450000.0
2026-02-23 09:08:17,48.0,500,sell,2026-02-23_090817_480000_500,23/02/2026,IDC,1000.0,222700,10667450000.0
2026-02-23 09:08:47,47.9,2000,sell,2026-02-23_090847_479000_2000,23/02/2026,IDC,900.0,224700,10763250000.0
2026-02-23 09:08:52,48.0,5300,buy,2026-02-23_090852_480000_5300,23/02/2026,IDC,1000.0,230500,11041600000.0
2026-02-23 09:08:52,47.9,500,sell,2026-02-23_090852_479000_500,23/02/2026,IDC,900.0,225200,10787200000.0
2026-02-23 09:08:57,48.0,11700,sell,2026-02-23_090857_480000_11700,23/02/2026,IDC,1000.0,245200,11747200000.0
2026-02-23 09:08:57,48.0,3000,sell,2026-02-23_090857_480000_3000,23/02/2026,IDC,1000.0,233500,11185600000.0
2026-02-23 09:09:16,48.0,100,buy,2026-02-23_090916_480000_100,23/02/2026,IDC,1000.0,245300,11752000000.0
2026-02-23 09:09:16,48.0,500,buy,2026-02-23_090916_480000_500,23/02/2026,IDC,1000.0,245800,11776000000.0
2026-02-23 09:09:21,48.0,1000,sell,2026-02-23_090921_480000_1000,23/02/2026,IDC,1000.0,246800,11824000000.0
2026-02-23 09:09:30,48.0,200,sell,2026-02-23_090930_480000_200,23/02/2026,IDC,1000.0,249100,11934400000.0
2026-02-23 09:09:30,48.0,2100,sell,2026-02-23_090930_480000_2100,23/02/2026,IDC,1000.0,248900,11924800000.0
2026-02-23 09:09:34,48.1,600,buy,2026-02-23_090934_481000_600,23/02/2026,IDC,1100.0,249700,11963260000.0
2026-02-23 09:09:37,48.0,1000,sell,2026-02-23_090937_480000_1000,23/02/2026,IDC,1000.0,250700,12011260000.0
2026-02-23 09:10:10,48.1,100,buy,2026-02-23_091010_481000_100,23/02/2026,IDC,1100.0,250800,12016070000.0
2026-02-23 09:10:14,48.0,2000,sell,2026-02-23_091014_480000_2000,23/02/2026,IDC,1000.0,252800,12112070000.0
2026-02-23 09:10:26,48.0,1000,sell,2026-02-23_091026_480000_1000,23/02/2026,IDC,1000.0,253800,12160070000.0
2026-02-23 09:10:27,48.0,600,sell,2026-02-23_091027_480000_600,23/02/2026,IDC,1000.0,254400,12188870000.0
2026-02-23 09:10:33,48.0,100,sell,2026-02-23_091033_480000_100,23/02/2026,IDC,1000.0,254500,12193670000.0
2026-02-23 09:10:55,48.0,300,sell,2026-02-23_091055_480000_300,23/02/2026,IDC,1000.0,254800,12208070000.0
2026-02-23 09:11:05,48.0,100,sell,2026-02-23_091105_480000_100,23/02/2026,IDC,1000.0,254900,12212870000.0
2026-02-23 09:11:09,48.1,2000,buy,2026-02-23_091109_481000_2000,23/02/2026,IDC,1100.0,256900,12309070000.0
2026-02-23 09:11:19,48.1,2000,buy,2026-02-23_091119_481000_2000,23/02/2026,IDC,1100.0,258900,12405270000.0
2026-02-23 09:11:22,48.1,100,buy,2026-02-23_091122_481000_100,23/02/2026,IDC,1100.0,259000,12410080000.0
2026-02-23 09:11:25,48.1,600,buy,2026-02-23_091125_481000_600,23/02/2026,IDC,1100.0,259600,12438940000.0
2026-02-23 09:11:30,48.1,200,buy,2026-02-23_091130_481000_200,23/02/2026,IDC,1100.0,259800,12448560000.0
2026-02-23 09:11:32,48.1,5000,buy,2026-02-23_091132_481000_5000,23/02/2026,IDC,1100.0,264800,12689060000.0
2026-02-23 09:11:33,48.1,200,buy,2026-02-23_091133_481000_200,23/02/2026,IDC,1100.0,265000,12698680000.0
2026-02-23 09:11:34,48.1,300,buy,2026-02-23_091134_481000_300,23/02/2026,IDC,1100.0,265300,12713110000.0
2026-02-23 09:11:37,48.1,1000,buy,2026-02-23_091137_481000_1000,23/02/2026,IDC,1100.0,266300,12761210000.0
2026-02-23 09:11:40,48.1,700,buy,2026-02-23_091140_481000_700,23/02/2026,IDC,1100.0,267000,12794880000.0
2026-02-23 09:11:45,48.1,200,sell,2026-02-23_091145_481000_200,23/02/2026,IDC,1100.0,267200,12804500000.0
2026-02-23 09:11:57,48.1,100,sell,2026-02-23_091157_481000_100,23/02/2026,IDC,1100.0,267300,12809310000.0
2026-02-23 09:12:03,48.1,1000,sell,2026-02-23_091203_481000_1000,23/02/2026,IDC,1100.0,268300,12857410000.0
2026-02-23 09:12:04,48.2,100,buy,2026-02-23_091204_482000_100,23/02/2026,IDC,1200.0,268400,12862230000.0
2026-02-23 09:12:11,48.1,100,sell,2026-02-23_091211_481000_100,23/02/2026,IDC,1100.0,268500,12867040000.0
2026-02-23 09:12:17,48.1,2000,sell,2026-02-23_091217_481000_2000,23/02/2026,IDC,1100.0,270500,12963240000.0
2026-02-23 09:12:20,48.2,200,buy,2026-02-23_091220_482000_200,23/02/2026,IDC,1200.0,270700,12972880000.0
2026-02-23 09:12:22,48.2,6700,buy,2026-02-23_091222_482000_6700,23/02/2026,IDC,1200.0,277400,13295820000.0
2026-02-23 09:12:31,48.3,1000,buy,2026-02-23_091231_483000_1000,23/02/2026,IDC,1300.0,278400,13344120000.0
2026-02-23 09:12:31,48.3,3200,buy,2026-02-23_091231_483000_3200,23/02/2026,IDC,1300.0,281600,13498680000.0
2026-02-23 09:12:31,48.3,100,sell,2026-02-23_091231_483000_100,23/02/2026,IDC,1300.0,281700,13503510000.0
2026-02-23 09:12:32,48.3,1000,sell,2026-02-23_091232_483000_1000,23/02/2026,IDC,1300.0,282700,13551810000.0
2026-02-23 09:12:41,48.4,1000,buy,2026-02-23_091241_484000_1000,23/02/2026,IDC,1400.0,283700,13600210000.0
2026-02-23 09:12:43,48.4,1000,buy,2026-02-23_091243_484000_1000,23/02/2026,IDC,1400.0,284700,13648610000.0
2026-02-23 09:12:44,48.4,1000,buy,2026-02-23_091244_484000_1000,23/02/2026,IDC,1400.0,285700,13697010000.0
2026-02-23 09:12:45,48.4,1000,buy,2026-02-23_091245_484000_1000,23/02/2026,IDC,1400.0,286700,13745410000.0
2026-02-23 09:12:45,48.4,500,buy,2026-02-23_091245_484000_500,23/02/2026,IDC,1400.0,287200,13769610000.0
2026-02-23 09:12:47,48.4,3100,buy,2026-02-23_091247_484000_3100,23/02/2026,IDC,1400.0,290300,13919650000.0
2026-02-23 09:12:47,48.4,1000,buy,2026-02-23_091247_484000_1000,23/02/2026,IDC,1400.0,291300,13968050000.0
2026-02-23 09:12:47,48.5,5900,buy,2026-02-23_091247_485000_5900,23/02/2026,IDC,1500.0,297200,14254200000.0
2026-02-23 09:12:50,48.4,700,sell,2026-02-23_091250_484000_700,23/02/2026,IDC,1400.0,297900,14288080000.0
2026-02-23 09:12:53,48.4,1300,buy,2026-02-23_091253_484000_1300,23/02/2026,IDC,1400.0,299200,14351000000.0
2026-02-23 09:12:55,48.5,100,buy,2026-02-23_091255_485000_100,23/02/2026,IDC,1500.0,299300,14355850000.0
2026-02-23 09:12:56,48.4,300,sell,2026-02-23_091256_484000_300,23/02/2026,IDC,1400.0,299600,14370370000.0
2026-02-23 09:12:58,48.4,1000,sell,2026-02-23_091258_484000_1000,23/02/2026,IDC,1400.0,300600,14418770000.0
2026-02-23 09:12:59,48.4,500,sell,2026-02-23_091259_484000_500,23/02/2026,IDC,1400.0,301100,14442970000.0
2026-02-23 09:13:01,48.4,100,sell,2026-02-23_091301_484000_100,23/02/2026,IDC,1400.0,301200,14447810000.0
2026-02-23 09:13:01,48.5,800,buy,2026-02-23_091301_485000_800,23/02/2026,IDC,1500.0,302000,14486610000.0
2026-02-23 09:13:01,48.4,300,sell,2026-02-23_091301_484000_300,23/02/2026,IDC,1400.0,302300,14501130000.0
2026-02-23 09:13:07,48.4,100,buy,2026-02-23_091307_484000_100,23/02/2026,IDC,1400.0,302400,14505970000.0
2026-02-23 09:13:10,48.4,1500,buy,2026-02-23_091310_484000_1500,23/02/2026,IDC,1400.0,303900,14578570000.0
2026-02-23 09:13:12,48.4,300,buy,2026-02-23_091312_484000_300,23/02/2026,IDC,1400.0,304200,14593090000.0
2026-02-23 09:13:14,48.4,200,sell,2026-02-23_091314_484000_200,23/02/2026,IDC,1400.0,304400,14602770000.0
2026-02-23 09:13:16,48.4,300,buy,2026-02-23_091316_484000_300,23/02/2026,IDC,1400.0,304700,14617290000.0
2026-02-23 09:13:16,48.4,200,sell,2026-02-23_091316_484000_200,23/02/2026,IDC,1400.0,304900,14626970000.0
2026-02-23 09:13:26,48.3,3700,sell,2026-02-23_091326_483000_3700,23/02/2026,IDC,1300.0,308600,14805680000.0
2026-02-23 09:13:32,48.2,13400,sell,2026-02-23_091332_482000_13400,23/02/2026,IDC,1200.0,322000,15451560000.0
2026-02-23 09:13:32,48.1,6200,sell,2026-02-23_091332_481000_6200,23/02/2026,IDC,1100.0,328200,15749780000.0
2026-02-23 09:13:56,48.0,5000,sell,2026-02-23_091356_480000_5000,23/02/2026,IDC,1000.0,333200,15989780000.0
2026-02-23 09:14:01,48.2,7700,buy,2026-02-23_091401_482000_7700,23/02/2026,IDC,1200.0,353200,16952550000.0
2026-02-23 09:14:01,48.1,12300,buy,2026-02-23_091401_481000_12300,23/02/2026,IDC,1100.0,345500,16581410000.0
2026-02-23 09:14:17,48.1,100,buy,2026-02-23_091417_481000_100,23/02/2026,IDC,1100.0,353300,16957360000.0
2026-02-23 09:14:18,48.0,800,sell,2026-02-23_091418_480000_800,23/02/2026,IDC,1000.0,354100,16995760000.0
2026-02-23 09:14:27,48.1,5000,buy,2026-02-23_091427_481000_5000,23/02/2026,IDC,1100.0,359100,17236260000.0
2026-02-23 09:14:34,48.2,2500,buy,2026-02-23_091434_482000_2500,23/02/2026,IDC,1200.0,361600,17356760000.0
2026-02-23 09:14:42,48.1,100,sell,2026-02-23_091442_481000_100,23/02/2026,IDC,1100.0,361700,17361570000.0
2026-02-23 09:14:43,48.0,1000,sell,2026-02-23_091443_480000_1000,23/02/2026,IDC,1000.0,362700,17409570000.0
2026-02-23 09:14:45,48.1,1900,buy,2026-02-23_091445_481000_1900,23/02/2026,IDC,1100.0,364600,17500960000.0
2026-02-23 09:14:46,48.1,1100,sell,2026-02-23_091446_481000_1100,23/02/2026,IDC,1100.0,365700,17553870000.0
2026-02-23 09:14:56,48.1,9400,sell,2026-02-23_091456_481000_9400,23/02/2026,IDC,1100.0,375100,18006010000.0
2026-02-23 09:15:00,48.1,200,buy,2026-02-23_091500_481000_200,23/02/2026,IDC,1100.0,375300,18015630000.0
2026-02-23 09:15:10,48.0,2100,sell,2026-02-23_091510_480000_2100,23/02/2026,IDC,1000.0,377400,18116430000.0
2026-02-23 09:15:10,48.0,2900,sell,2026-02-23_091510_480000_2900,23/02/2026,IDC,1000.0,380300,18255630000.0
2026-02-23 09:15:11,48.1,800,buy,2026-02-23_091511_481000_800,23/02/2026,IDC,1100.0,381100,18294110000.0
2026-02-23 09:15:28,47.9,20900,sell,2026-02-23_091528_479000_20900,23/02/2026,IDC,900.0,402000,19295220000.0
2026-02-23 09:15:32,47.9,4100,buy,2026-02-23_091532_479000_4100,23/02/2026,IDC,900.0,406100,19491610000.0
2026-02-23 09:15:33,47.9,5000,sell,2026-02-23_091533_479000_5000,23/02/2026,IDC,900.0,411100,19731110000.0
2026-02-23 09:15:34,47.9,1100,sell,2026-02-23_091534_479000_1100,23/02/2026,IDC,900.0,412200,19783800000.0
2026-02-23 09:15:36,48.0,200,buy,2026-02-23_091536_480000_200,23/02/2026,IDC,1000.0,412400,19793400000.0
2026-02-23 09:15:43,48.0,200,buy,2026-02-23_091543_480000_200,23/02/2026,IDC,1000.0,412600,19803000000.0
2026-02-23 09:15:45,48.0,600,buy,2026-02-23_091545_480000_600,23/02/2026,IDC,1000.0,413200,19831800000.0
2026-02-23 09:15:54,48.0,400,buy,2026-02-23_091554_480000_400,23/02/2026,IDC,1000.0,413700,19855790000.0
2026-02-23 09:15:54,47.9,100,buy,2026-02-23_091554_479000_100,23/02/2026,IDC,900.0,413300,19836590000.0
2026-02-23 09:15:59,48.0,3000,buy,2026-02-23_091559_480000_3000,23/02/2026,IDC,1000.0,416700,19999790000.0
2026-02-23 09:16:12,47.9,100,sell,2026-02-23_091612_479000_100,23/02/2026,IDC,900.0,416800,20004580000.0
2026-02-23 09:16:13,48.0,5000,buy,2026-02-23_091613_480000_5000,23/02/2026,IDC,1000.0,421800,20244580000.0
2026-02-23 09:16:15,47.9,500,sell,2026-02-23_091615_479000_500,23/02/2026,IDC,900.0,422300,20268530000.0
2026-02-23 09:16:18,47.9,1300,buy,2026-02-23_091618_479000_1300,23/02/2026,IDC,900.0,423600,20330800000.0
2026-02-23 09:16:27,47.9,500,buy,2026-02-23_091627_479000_500,23/02/2026,IDC,900.0,424100,20354750000.0
2026-02-23 09:16:31,47.9,3300,buy,2026-02-23_091631_479000_3300,23/02/2026,IDC,900.0,427400,20512820000.0
2026-02-23 09:16:34,47.9,200,sell,2026-02-23_091634_479000_200,23/02/2026,IDC,900.0,427800,20531980000.0
2026-02-23 09:16:35,48.0,3400,buy,2026-02-23_091635_480000_3400,23/02/2026,IDC,1000.0,431200,20695180000.0
2026-02-23 09:16:35,48.0,22600,sell,2026-02-23_091635_480000_22600,23/02/2026,IDC,1000.0,453800,21779980000.0
2026-02-23 09:16:36,47.9,100,sell,2026-02-23_091636_479000_100,23/02/2026,IDC,900.0,453900,21784770000.0
2026-02-23 09:16:37,47.9,2900,sell,2026-02-23_091637_479000_2900,23/02/2026,IDC,900.0,456800,21923680000.0
2026-02-23 09:16:47,47.9,200,sell,2026-02-23_091647_479000_200,23/02/2026,IDC,900.0,457000,21933260000.0
2026-02-23 09:16:59,47.9,1000,sell,2026-02-23_091659_479000_1000,23/02/2026,IDC,900.0,458000,21981160000.0
2026-02-23 09:17:03,48.0,8500,buy,2026-02-23_091703_480000_8500,23/02/2026,IDC,1000.0,466500,22389160000.0
2026-02-23 09:17:07,48.0,900,sell,2026-02-23_091707_480000_900,23/02/2026,IDC,1000.0,467400,22432360000.0
2026-02-23 09:17:12,48.0,600,sell,2026-02-23_091712_480000_600,23/02/2026,IDC,1000.0,468000,22461160000.0
2026-02-23 09:17:16,48.0,8000,buy,2026-02-23_091716_480000_8000,23/02/2026,IDC,1000.0,476500,22869160000.0
2026-02-23 09:17:16,48.0,500,buy,2026-02-23_091716_480000_500,23/02/2026,IDC,1000.0,468500,22485160000.0
2026-02-23 09:17:19,47.9,1000,sell,2026-02-23_091719_479000_1000,23/02/2026,IDC,900.0,477500,22917060000.0
2026-02-23 09:17:23,47.9,100,sell,2026-02-23_091723_479000_100,23/02/2026,IDC,900.0,477600,22921850000.0
2026-02-23 09:17:24,47.9,1000,sell,2026-02-23_091724_479000_1000,23/02/2026,IDC,900.0,478600,22969750000.0
2026-02-23 09:17:27,47.9,200,sell,2026-02-23_091727_479000_200,23/02/2026,IDC,900.0,478800,22979330000.0
2026-02-23 09:17:28,47.9,600,sell,2026-02-23_091728_479000_600,23/02/2026,IDC,900.0,479400,23008070000.0
2026-02-23 09:17:34,47.9,8500,sell,2026-02-23_091734_479000_8500,23/02/2026,IDC,900.0,487900,23415220000.0
2026-02-23 09:17:47,47.8,200,sell,2026-02-23_091747_478000_200,23/02/2026,IDC,800.0,490100,23520380000.0
2026-02-23 09:17:47,47.8,2000,sell,2026-02-23_091747_478000_2000,23/02/2026,IDC,800.0,489900,23510820000.0
2026-02-23 09:17:47,47.9,200,buy,2026-02-23_091747_479000_200,23/02/2026,IDC,900.0,490300,23529960000.0
2026-02-23 09:18:14,47.9,1000,buy,2026-02-23_091814_479000_1000,23/02/2026,IDC,900.0,491300,23577860000.0
2026-02-23 09:18:26,47.8,200,sell,2026-02-23_091826_478000_200,23/02/2026,IDC,800.0,491500,23587420000.0
2026-02-23 09:18:27,47.9,3000,buy,2026-02-23_091827_479000_3000,23/02/2026,IDC,900.0,494500,23731120000.0
2026-02-23 09:18:31,47.9,300,buy,2026-02-23_091831_479000_300,23/02/2026,IDC,900.0,494800,23745490000.0
2026-02-23 09:18:34,47.9,100,buy,2026-02-23_091834_479000_100,23/02/2026,IDC,900.0,494900,23750280000.0
2026-02-23 09:18:36,47.9,100,buy,2026-02-23_091836_479000_100,23/02/2026,IDC,900.0,495000,23755070000.0
2026-02-23 09:18:37,47.8,2000,sell,2026-02-23_091837_478000_2000,23/02/2026,IDC,800.0,497000,23850670000.0
2026-02-23 09:18:37,47.8,200,sell,2026-02-23_091837_478000_200,23/02/2026,IDC,800.0,497200,23860230000.0
2026-02-23 09:18:38,47.9,700,buy,2026-02-23_091838_479000_700,23/02/2026,IDC,900.0,497900,23893760000.0
2026-02-23 09:18:39,47.9,1500,buy,2026-02-23_091839_479000_1500,23/02/2026,IDC,900.0,499400,23965610000.0
2026-02-23 09:18:39,47.8,28800,sell,2026-02-23_091839_478000_28800,23/02/2026,IDC,800.0,528200,25342250000.0
2026-02-23 09:18:40,47.9,800,buy,2026-02-23_091840_479000_800,23/02/2026,IDC,900.0,530200,25437930000.0
2026-02-23 09:18:40,47.8,1200,buy,2026-02-23_091840_478000_1200,23/02/2026,IDC,800.0,529400,25399610000.0
2026-02-23 09:18:53,47.8,3600,buy,2026-02-23_091853_478000_3600,23/02/2026,IDC,800.0,533800,25610010000.0
2026-02-23 09:18:53,47.9,6400,buy,2026-02-23_091853_479000_6400,23/02/2026,IDC,900.0,540200,25916570000.0
2026-02-23 09:19:20,47.8,100,sell,2026-02-23_091920_478000_100,23/02/2026,IDC,800.0,540300,25921350000.0
2026-02-23 09:19:34,47.8,500,sell,2026-02-23_091934_478000_500,23/02/2026,IDC,800.0,540800,25945250000.0
2026-02-23 09:19:37,47.9,3000,buy,2026-02-23_091937_479000_3000,23/02/2026,IDC,900.0,543800,26088950000.0
2026-02-23 09:19:38,47.8,400,sell,2026-02-23_091938_478000_400,23/02/2026,IDC,800.0,544200,26108070000.0
2026-02-23 09:19:39,47.8,400,sell,2026-02-23_091939_478000_400,23/02/2026,IDC,800.0,544600,26127190000.0
2026-02-23 09:19:42,47.8,2000,sell,2026-02-23_091942_478000_2000,23/02/2026,IDC,800.0,546600,26222790000.0
2026-02-23 09:19:43,47.9,1000,buy,2026-02-23_091943_479000_1000,23/02/2026,IDC,900.0,547600,26270690000.0
2026-02-23 09:19:48,47.8,800,sell,2026-02-23_091948_478000_800,23/02/2026,IDC,800.0,548400,26308930000.0
2026-02-23 09:19:48,47.8,3800,sell,2026-02-23_091948_478000_3800,23/02/2026,IDC,800.0,552200,26490570000.0
2026-02-23 09:19:57,47.8,400,sell,2026-02-23_091957_478000_400,23/02/2026,IDC,800.0,552600,26509690000.0
2026-02-23 09:20:01,47.8,500,sell,2026-02-23_092001_478000_500,23/02/2026,IDC,800.0,553100,26533590000.0
2026-02-23 09:20:07,47.8,100,buy,2026-02-23_092007_478000_100,23/02/2026,IDC,800.0,553200,26538370000.0
2026-02-23 09:20:11,47.8,100,buy,2026-02-23_092011_478000_100,23/02/2026,IDC,800.0,553300,26543150000.0
2026-02-23 09:20:35,47.8,100,buy,2026-02-23_092035_478000_100,23/02/2026,IDC,800.0,553400,26547930000.0
2026-02-23 09:20:42,47.7,1300,sell,2026-02-23_092042_477000_1300,23/02/2026,IDC,700.0,554700,26609940000.0
2026-02-23 09:20:48,47.7,100,sell,2026-02-23_092048_477000_100,23/02/2026,IDC,700.0,554800,26614710000.0
2026-02-23 09:20:53,47.7,11400,sell,2026-02-23_092053_477000_11400,23/02/2026,IDC,700.0,566200,27158490000.0
2026-02-23 09:21:06,47.6,3000,sell,2026-02-23_092106_476000_3000,23/02/2026,IDC,600.0,569200,27301290000.0
2026-02-23 09:21:07,47.6,300,sell,2026-02-23_092107_476000_300,23/02/2026,IDC,600.0,569500,27315570000.0
2026-02-23 09:21:21,47.6,1000,sell,2026-02-23_092121_476000_1000,23/02/2026,IDC,600.0,570500,27363170000.0
2026-02-23 09:21:26,47.6,400,sell,2026-02-23_092126_476000_400,23/02/2026,IDC,600.0,570900,27382210000.0
2026-02-23 09:21:27,47.6,100,sell,2026-02-23_092127_476000_100,23/02/2026,IDC,600.0,571000,27386970000.0
2026-02-23 09:21:30,47.6,100,sell,2026-02-23_092130_476000_100,23/02/2026,IDC,600.0,571100,27391730000.0
2026-02-23 09:21:31,47.6,1000,sell,2026-02-23_092131_476000_1000,23/02/2026,IDC,600.0,572100,27439330000.0
2026-02-23 09:21:35,47.6,600,sell,2026-02-23_092135_476000_600,23/02/2026,IDC,600.0,572700,27467890000.0
2026-02-23 09:21:36,47.6,8000,sell,2026-02-23_092136_476000_8000,23/02/2026,IDC,600.0,580700,27848690000.0
2026-02-23 09:21:37,47.6,900,sell,2026-02-23_092137_476000_900,23/02/2026,IDC,600.0,581600,27891530000.0
2026-02-23 09:21:39,47.6,2800,sell,2026-02-23_092139_476000_2800,23/02/2026,IDC,600.0,584400,28024810000.0
2026-02-23 09:21:47,47.6,100,buy,2026-02-23_092147_476000_100,23/02/2026,IDC,600.0,584500,28029570000.0
2026-02-23 09:22:06,47.5,5100,sell,2026-02-23_092206_475000_5100,23/02/2026,IDC,500.0,589600,28271820000.0
2026-02-23 09:22:07,47.5,500,sell,2026-02-23_092207_475000_500,23/02/2026,IDC,500.0,590100,28295570000.0
2026-02-23 09:22:15,47.5,1000,sell,2026-02-23_092215_475000_1000,23/02/2026,IDC,500.0,591100,28343070000.0
2026-02-23 09:22:17,47.5,100,sell,2026-02-23_092217_475000_100,23/02/2026,IDC,500.0,591200,28347820000.0
2026-02-23 09:22:26,47.5,100,sell,2026-02-23_092226_475000_100,23/02/2026,IDC,500.0,591300,28352570000.0
2026-02-23 09:22:27,47.5,1000,sell,2026-02-23_092227_475000_1000,23/02/2026,IDC,500.0,592300,28400070000.0
2026-02-23 09:22:27,47.6,10000,buy,2026-02-23_092227_476000_10000,23/02/2026,IDC,600.0,602300,28876070000.0
2026-02-23 09:22:30,47.6,500,buy,2026-02-23_092230_476000_500,23/02/2026,IDC,600.0,602800,28899870000.0
2026-02-23 09:22:32,47.6,200,buy,2026-02-23_092232_476000_200,23/02/2026,IDC,600.0,603000,28909390000.0
2026-02-23 09:22:39,47.6,10000,buy,2026-02-23_092239_476000_10000,23/02/2026,IDC,600.0,613000,29385390000.0
2026-02-23 09:22:49,47.6,100,buy,2026-02-23_092249_476000_100,23/02/2026,IDC,600.0,613100,29390150000.0
2026-02-23 09:22:50,47.6,1000,buy,2026-02-23_092250_476000_1000,23/02/2026,IDC,600.0,614100,29437750000.0
2026-02-23 09:22:50,47.6,600,buy,2026-02-23_092250_476000_600,23/02/2026,IDC,600.0,614700,29466310000.0
2026-02-23 09:22:57,47.6,100,sell,2026-02-23_092257_476000_100,23/02/2026,IDC,600.0,614800,29471070000.0
2026-02-23 09:23:02,47.6,1500,sell,2026-02-23_092302_476000_1500,23/02/2026,IDC,600.0,616300,29542470000.0
2026-02-23 09:23:07,47.6,100,sell,2026-02-23_092307_476000_100,23/02/2026,IDC,600.0,616400,29547230000.0
2026-02-23 09:23:12,47.7,500,buy,2026-02-23_092312_477000_500,23/02/2026,IDC,700.0,616900,29571080000.0
2026-02-23 09:23:19,47.7,1000,buy,2026-02-23_092319_477000_1000,23/02/2026,IDC,700.0,617900,29618780000.0
2026-02-23 09:23:24,47.7,700,buy,2026-02-23_092324_477000_700,23/02/2026,IDC,700.0,618600,29652170000.0
2026-02-23 09:23:27,47.7,100,sell,2026-02-23_092327_477000_100,23/02/2026,IDC,700.0,618700,29656940000.0
2026-02-23 09:23:33,47.8,800,buy,2026-02-23_092333_478000_800,23/02/2026,IDC,800.0,619500,29695180000.0
2026-02-23 09:23:35,47.7,1100,sell,2026-02-23_092335_477000_1100,23/02/2026,IDC,700.0,620600,29747650000.0
2026-02-23 09:23:37,47.7,200,sell,2026-02-23_092337_477000_200,23/02/2026,IDC,700.0,620800,29757190000.0
2026-02-23 09:23:40,47.8,200,buy,2026-02-23_092340_478000_200,23/02/2026,IDC,800.0,621000,29766750000.0
2026-02-23 09:23:41,47.7,5000,sell,2026-02-23_092341_477000_5000,23/02/2026,IDC,700.0,626000,30005250000.0
2026-02-23 09:23:47,47.7,500,sell,2026-02-23_092347_477000_500,23/02/2026,IDC,700.0,626500,30029100000.0
2026-02-23 09:23:55,47.8,6300,buy,2026-02-23_092355_478000_6300,23/02/2026,IDC,800.0,632800,30330240000.0
2026-02-23 09:23:56,47.8,1000,sell,2026-02-23_092356_478000_1000,23/02/2026,IDC,800.0,633800,30378040000.0
2026-02-23 09:23:57,47.8,700,sell,2026-02-23_092357_478000_700,23/02/2026,IDC,800.0,634500,30411500000.0
2026-02-23 09:24:07,47.9,9800,buy,2026-02-23_092407_479000_9800,23/02/2026,IDC,900.0,644300,30880920000.0
2026-02-23 09:24:07,47.9,200,sell,2026-02-23_092407_479000_200,23/02/2026,IDC,900.0,644500,30890500000.0
2026-02-23 09:24:08,47.9,100,buy,2026-02-23_092408_479000_100,23/02/2026,IDC,900.0,644600,30895290000.0
2026-02-23 09:24:10,47.8,1000,sell,2026-02-23_092410_478000_1000,23/02/2026,IDC,800.0,645600,30943090000.0
2026-02-23 09:24:11,47.9,1200,buy,2026-02-23_092411_479000_1200,23/02/2026,IDC,900.0,646800,31000570000.0
2026-02-23 09:24:13,47.9,1000,buy,2026-02-23_092413_479000_1000,23/02/2026,IDC,900.0,647800,31048470000.0
2026-02-23 09:24:16,47.9,500,sell,2026-02-23_092416_479000_500,23/02/2026,IDC,900.0,653300,31312420000.0
2026-02-23 09:24:16,48.0,5000,buy,2026-02-23_092416_480000_5000,23/02/2026,IDC,1000.0,652800,31288470000.0
2026-02-23 09:24:17,47.9,900,sell,2026-02-23_092417_479000_900,23/02/2026,IDC,900.0,654200,31355530000.0
2026-02-23 09:24:23,47.9,100,sell,2026-02-23_092423_479000_100,23/02/2026,IDC,900.0,654300,31360320000.0
2026-02-23 09:24:27,47.9,100,sell,2026-02-23_092427_479000_100,23/02/2026,IDC,900.0,654400,31365110000.0
2026-02-23 09:24:34,47.9,400,sell,2026-02-23_092434_479000_400,23/02/2026,IDC,900.0,654800,31384270000.0
2026-02-23 09:24:34,47.9,100,sell,2026-02-23_092434_479000_100,23/02/2026,IDC,900.0,654900,31389060000.0
2026-02-23 09:24:40,47.9,500,sell,2026-02-23_092440_479000_500,23/02/2026,IDC,900.0,655400,31413010000.0
2026-02-23 09:24:51,47.9,10900,sell,2026-02-23_092451_479000_10900,23/02/2026,IDC,900.0,666300,31935120000.0
2026-02-23 09:24:51,48.0,41000,buy,2026-02-23_092451_480000_41000,23/02/2026,IDC,1000.0,707300,33903120000.0
2026-02-23 09:24:52,48.0,1600,buy,2026-02-23_092452_480000_1600,23/02/2026,IDC,1000.0,708900,33979920000.0
2026-02-23 09:24:54,48.0,2400,buy,2026-02-23_092454_480000_2400,23/02/2026,IDC,1000.0,711300,34095120000.0
2026-02-23 09:24:57,48.0,5500,sell,2026-02-23_092457_480000_5500,23/02/2026,IDC,1000.0,716800,34359120000.0
2026-02-23 09:24:59,48.0,500,sell,2026-02-23_092459_480000_500,23/02/2026,IDC,1000.0,717300,34383120000.0
2026-02-23 09:25:01,48.0,200,sell,2026-02-23_092501_480000_200,23/02/2026,IDC,1000.0,717500,34392720000.0
2026-02-23 09:25:02,48.1,2000,buy,2026-02-23_092502_481000_2000,23/02/2026,IDC,1100.0,719500,34488920000.0
2026-02-23 09:25:04,48.1,100,buy,2026-02-23_092504_481000_100,23/02/2026,IDC,1100.0,719600,34493730000.0
2026-02-23 09:25:05,48.0,700,sell,2026-02-23_092505_480000_700,23/02/2026,IDC,1000.0,720300,34527330000.0
2026-02-23 09:25:07,48.0,900,sell,2026-02-23_092507_480000_900,23/02/2026,IDC,1000.0,721200,34570530000.0
2026-02-23 09:25:11,48.0,500,sell,2026-02-23_092511_480000_500,23/02/2026,IDC,1000.0,721700,34594530000.0
2026-02-23 09:25:17,48.1,2500,buy,2026-02-23_092517_481000_2500,23/02/2026,IDC,1100.0,724200,34714780000.0
2026-02-23 09:25:19,48.1,9000,buy,2026-02-23_092519_481000_9000,23/02/2026,IDC,1100.0,733200,35147680000.0
2026-02-23 09:25:21,48.0,700,sell,2026-02-23_092521_480000_700,23/02/2026,IDC,1000.0,734100,35190900000.0
2026-02-23 09:25:21,48.1,200,buy,2026-02-23_092521_481000_200,23/02/2026,IDC,1100.0,733400,35157300000.0
2026-02-23 09:25:23,48.1,1100,buy,2026-02-23_092523_481000_1100,23/02/2026,IDC,1100.0,735200,35243810000.0
2026-02-23 09:25:25,48.1,7700,buy,2026-02-23_092525_481000_7700,23/02/2026,IDC,1100.0,742900,35614180000.0
2026-02-23 09:25:27,48.1,1800,sell,2026-02-23_092527_481000_1800,23/02/2026,IDC,1100.0,744700,35700760000.0
2026-02-23 09:25:36,48.2,2000,buy,2026-02-23_092536_482000_2000,23/02/2026,IDC,1200.0,746700,35797160000.0
2026-02-23 09:25:42,48.2,5000,buy,2026-02-23_092542_482000_5000,23/02/2026,IDC,1200.0,751700,36038160000.0
2026-02-23 09:25:45,48.2,900,buy,2026-02-23_092545_482000_900,23/02/2026,IDC,1200.0,752600,36081540000.0
2026-02-23 09:25:47,48.1,2000,sell,2026-02-23_092547_481000_2000,23/02/2026,IDC,1100.0,754600,36177740000.0
2026-02-23 09:25:47,48.2,300,buy,2026-02-23_092547_482000_300,23/02/2026,IDC,1200.0,754900,36192200000.0
2026-02-23 09:25:50,48.2,600,buy,2026-02-23_092550_482000_600,23/02/2026,IDC,1200.0,755500,36221120000.0
2026-02-23 09:25:52,48.2,200,buy,2026-02-23_092552_482000_200,23/02/2026,IDC,1200.0,755700,36230760000.0
2026-02-23 09:25:55,48.2,1000,buy,2026-02-23_092555_482000_1000,23/02/2026,IDC,1200.0,756700,36278960000.0
2026-02-23 09:25:58,48.2,1000,buy,2026-02-23_092558_482000_1000,23/02/2026,IDC,1200.0,757700,36327160000.0
2026-02-23 09:25:59,48.2,500,buy,2026-02-23_092559_482000_500,23/02/2026,IDC,1200.0,758200,36351260000.0
2026-02-23 09:26:01,48.2,400,buy,2026-02-23_092601_482000_400,23/02/2026,IDC,1200.0,758600,36370540000.0
2026-02-23 09:26:03,48.1,600,sell,2026-02-23_092603_481000_600,23/02/2026,IDC,1100.0,759200,36399400000.0
2026-02-23 09:26:03,48.1,400,sell,2026-02-23_092603_481000_400,23/02/2026,IDC,1100.0,759600,36418640000.0
2026-02-23 09:26:05,48.2,3000,buy,2026-02-23_092605_482000_3000,23/02/2026,IDC,1200.0,762600,36563240000.0
2026-02-23 09:26:05,48.2,2000,sell,2026-02-23_092605_482000_2000,23/02/2026,IDC,1200.0,764600,36659640000.0
2026-02-23 09:26:07,48.2,700,sell,2026-02-23_092607_482000_700,23/02/2026,IDC,1200.0,765300,36693380000.0
2026-02-23 09:26:07,48.2,400,sell,2026-02-23_092607_482000_400,23/02/2026,IDC,1200.0,765700,36712660000.0
2026-02-23 09:26:11,48.2,100,sell,2026-02-23_092611_482000_100,23/02/2026,IDC,1200.0,765800,36717480000.0
2026-02-23 09:26:17,48.2,100,sell,2026-02-23_092617_482000_100,23/02/2026,IDC,1200.0,765900,36722300000.0
2026-02-23 09:26:18,48.2,2800,sell,2026-02-23_092618_482000_2800,23/02/2026,IDC,1200.0,768700,36857260000.0
2026-02-23 09:26:22,48.2,1000,sell,2026-02-23_092622_482000_1000,23/02/2026,IDC,1200.0,769700,36905460000.0
2026-02-23 09:26:23,48.1,8200,sell,2026-02-23_092623_481000_8200,23/02/2026,IDC,1100.0,777900,37299880000.0
2026-02-23 09:26:27,48.2,200,sell,2026-02-23_092627_482000_200,23/02/2026,IDC,1200.0,778100,37309520000.0
2026-02-23 09:26:37,48.1,1000,buy,2026-02-23_092637_481000_1000,23/02/2026,IDC,1100.0,779100,37357620000.0
2026-02-23 09:26:37,48.2,100,sell,2026-02-23_092637_482000_100,23/02/2026,IDC,1200.0,779200,37362440000.0
2026-02-23 09:26:42,48.2,100,sell,2026-02-23_092642_482000_100,23/02/2026,IDC,1200.0,779300,37367260000.0
2026-02-23 09:26:45,48.2,3900,buy,2026-02-23_092645_482000_3900,23/02/2026,IDC,1200.0,783200,37555240000.0
2026-02-23 09:26:47,48.2,1000,buy,2026-02-23_092647_482000_1000,23/02/2026,IDC,1200.0,784200,37603440000.0
2026-02-23 09:26:56,48.2,5000,buy,2026-02-23_092656_482000_5000,23/02/2026,IDC,1200.0,789200,37844440000.0
2026-02-23 09:27:01,48.2,1000,buy,2026-02-23_092701_482000_1000,23/02/2026,IDC,1200.0,790200,37892640000.0
2026-02-23 09:27:04,48.2,100,buy,2026-02-23_092704_482000_100,23/02/2026,IDC,1200.0,790300,37897460000.0
2026-02-23 09:27:06,48.2,500,buy,2026-02-23_092706_482000_500,23/02/2026,IDC,1200.0,790800,37921560000.0
2026-02-23 09:27:10,48.2,1400,buy,2026-02-23_092710_482000_1400,23/02/2026,IDC,1200.0,792200,37989040000.0
2026-02-23 09:27:11,48.2,200,sell,2026-02-23_092711_482000_200,23/02/2026,IDC,1200.0,792400,37998680000.0
2026-02-23 09:27:12,48.2,1000,sell,2026-02-23_092712_482000_1000,23/02/2026,IDC,1200.0,793400,38046880000.0
2026-02-23 09:27:13,48.2,4700,sell,2026-02-23_092713_482000_4700,23/02/2026,IDC,1200.0,798100,38273420000.0
2026-02-23 09:27:17,48.2,700,sell,2026-02-23_092717_482000_700,23/02/2026,IDC,1200.0,798800,38307160000.0
2026-02-23 09:27:20,48.2,100,sell,2026-02-23_092720_482000_100,23/02/2026,IDC,1200.0,798900,38311980000.0
2026-02-23 09:27:33,48.2,500,sell,2026-02-23_092733_482000_500,23/02/2026,IDC,1200.0,799400,38336080000.0
2026-02-23 09:27:33,48.3,5000,buy,2026-02-23_092733_483000_5000,23/02/2026,IDC,1300.0,804400,38577580000.0
2026-02-23 09:27:33,48.3,2100,buy,2026-02-23_092733_483000_2100,23/02/2026,IDC,1300.0,806500,38679010000.0
2026-02-23 09:27:37,48.3,700,sell,2026-02-23_092737_483000_700,23/02/2026,IDC,1300.0,807200,38712820000.0
2026-02-23 09:27:38,48.3,100,sell,2026-02-23_092738_483000_100,23/02/2026,IDC,1300.0,807300,38717650000.0
2026-02-23 09:27:42,48.3,200,sell,2026-02-23_092742_483000_200,23/02/2026,IDC,1300.0,807500,38727310000.0
2026-02-23 09:27:44,48.4,300,buy,2026-02-23_092744_484000_300,23/02/2026,IDC,1400.0,807800,38741830000.0
2026-02-23 09:27:49,48.3,500,sell,2026-02-23_092749_483000_500,23/02/2026,IDC,1300.0,808300,38765980000.0
2026-02-23 09:27:52,48.4,1000,buy,2026-02-23_092752_484000_1000,23/02/2026,IDC,1400.0,809300,38814380000.0
2026-02-23 09:27:55,48.4,100,buy,2026-02-23_092755_484000_100,23/02/2026,IDC,1400.0,809400,38819220000.0
2026-02-23 09:28:03,48.3,100,sell,2026-02-23_092803_483000_100,23/02/2026,IDC,1300.0,809500,38824050000.0
2026-02-23 09:28:03,48.3,1400,sell,2026-02-23_092803_483000_1400,23/02/2026,IDC,1300.0,810900,38891670000.0
2026-02-23 09:28:03,48.3,14800,sell,2026-02-23_092803_483000_14800,23/02/2026,IDC,1300.0,825700,39606510000.0
2026-02-23 09:28:08,48.2,6900,sell,2026-02-23_092808_482000_6900,23/02/2026,IDC,1200.0,832600,39939090000.0
2026-02-23 09:28:17,48.2,600,sell,2026-02-23_092817_482000_600,23/02/2026,IDC,1200.0,833200,39968010000.0
2026-02-23 09:28:19,48.2,300,sell,2026-02-23_092819_482000_300,23/02/2026,IDC,1200.0,833500,39982470000.0
2026-02-23 09:28:21,48.3,600,buy,2026-02-23_092821_483000_600,23/02/2026,IDC,1300.0,834100,40011450000.0
2026-02-23 09:28:25,48.2,1000,sell,2026-02-23_092825_482000_1000,23/02/2026,IDC,1200.0,835100,40059650000.0
2026-02-23 09:28:27,48.2,200,sell,2026-02-23_092827_482000_200,23/02/2026,IDC,1200.0,835300,40069290000.0
2026-02-23 09:28:30,48.3,8500,buy,2026-02-23_092830_483000_8500,23/02/2026,IDC,1300.0,843800,40479840000.0
2026-02-23 09:28:31,48.2,1000,sell,2026-02-23_092831_482000_1000,23/02/2026,IDC,1200.0,844800,40528040000.0
2026-02-23 09:28:37,48.3,1000,buy,2026-02-23_092837_483000_1000,23/02/2026,IDC,1300.0,846700,40619720000.0
2026-02-23 09:28:37,48.2,900,sell,2026-02-23_092837_482000_900,23/02/2026,IDC,1200.0,845700,40571420000.0
2026-02-23 09:28:38,48.3,400,buy,2026-02-23_092838_483000_400,23/02/2026,IDC,1300.0,847100,40639040000.0
2026-02-23 09:28:40,48.3,5000,buy,2026-02-23_092840_483000_5000,23/02/2026,IDC,1300.0,852100,40880540000.0
2026-02-23 09:28:43,48.3,100,buy,2026-02-23_092843_483000_100,23/02/2026,IDC,1300.0,853600,40952990000.0
2026-02-23 09:28:43,48.3,500,buy,2026-02-23_092843_483000_500,23/02/2026,IDC,1300.0,852600,40904690000.0
2026-02-23 09:28:43,48.3,900,buy,2026-02-23_092843_483000_900,23/02/2026,IDC,1300.0,853500,40948160000.0
2026-02-23 09:28:45,48.3,1900,sell,2026-02-23_092845_483000_1900,23/02/2026,IDC,1300.0,855500,41044760000.0
2026-02-23 09:28:46,48.3,1200,sell,2026-02-23_092846_483000_1200,23/02/2026,IDC,1300.0,856700,41102720000.0
2026-02-23 09:28:47,48.3,1100,sell,2026-02-23_092847_483000_1100,23/02/2026,IDC,1300.0,857800,41155850000.0
2026-02-23 09:28:55,48.4,3200,buy,2026-02-23_092855_484000_3200,23/02/2026,IDC,1400.0,861000,41310730000.0
2026-02-23 09:28:57,48.3,1000,sell,2026-02-23_092857_483000_1000,23/02/2026,IDC,1300.0,862000,41359030000.0
2026-02-23 09:29:01,48.4,100,buy,2026-02-23_092901_484000_100,23/02/2026,IDC,1400.0,862100,41363870000.0
2026-02-23 09:29:04,48.4,3000,buy,2026-02-23_092904_484000_3000,23/02/2026,IDC,1400.0,865100,41509070000.0
2026-02-23 09:29:11,48.4,900,buy,2026-02-23_092911_484000_900,23/02/2026,IDC,1400.0,866000,41552630000.0
2026-02-23 09:29:16,48.4,2000,buy,2026-02-23_092916_484000_2000,23/02/2026,IDC,1400.0,868000,41649430000.0
2026-02-23 09:29:17,48.4,5000,buy,2026-02-23_092917_484000_5000,23/02/2026,IDC,1400.0,873000,41891430000.0
2026-02-23 09:29:19,48.4,5000,buy,2026-02-23_092919_484000_5000,23/02/2026,IDC,1400.0,878000,42133430000.0
2026-02-23 09:29:20,48.4,5000,buy,2026-02-23_092920_484000_5000,23/02/2026,IDC,1400.0,883800,42414070000.0
2026-02-23 09:29:20,48.3,800,sell,2026-02-23_092920_483000_800,23/02/2026,IDC,1300.0,878800,42172070000.0
2026-02-23 09:29:23,48.4,100,buy,2026-02-23_092923_484000_100,23/02/2026,IDC,1400.0,883900,42418910000.0
2026-02-23 09:29:33,48.4,1000,buy,2026-02-23_092933_484000_1000,23/02/2026,IDC,1400.0,884900,42467310000.0
2026-02-23 09:29:34,48.4,4000,buy,2026-02-23_092934_484000_4000,23/02/2026,IDC,1400.0,888900,42660910000.0
2026-02-23 09:29:38,48.3,11700,sell,2026-02-23_092938_483000_11700,23/02/2026,IDC,1300.0,900600,43226020000.0
2026-02-23 09:29:42,48.4,200,buy,2026-02-23_092942_484000_200,23/02/2026,IDC,1400.0,900800,43235700000.0
2026-02-23 09:29:56,48.2,10800,sell,2026-02-23_092956_482000_10800,23/02/2026,IDC,1200.0,911600,43756260000.0
2026-02-23 09:29:58,48.2,300,buy,2026-02-23_092958_482000_300,23/02/2026,IDC,1200.0,911900,43770720000.0
2026-02-23 09:30:05,48.2,700,buy,2026-02-23_093005_482000_700,23/02/2026,IDC,1200.0,912600,43804460000.0
2026-02-23 09:30:06,48.2,300,sell,2026-02-23_093006_482000_300,23/02/2026,IDC,1200.0,912900,43818920000.0
2026-02-23 09:30:12,48.2,100,buy,2026-02-23_093012_482000_100,23/02/2026,IDC,1200.0,913000,43823740000.0
2026-02-23 09:30:13,48.2,1900,sell,2026-02-23_093013_482000_1900,23/02/2026,IDC,1200.0,914900,43915320000.0
2026-02-23 09:30:16,48.2,100,buy,2026-02-23_093016_482000_100,23/02/2026,IDC,1200.0,915000,43920140000.0
2026-02-23 09:30:17,48.2,200,sell,2026-02-23_093017_482000_200,23/02/2026,IDC,1200.0,915200,43929780000.0
2026-02-23 09:30:22,48.2,100,sell,2026-02-23_093022_482000_100,23/02/2026,IDC,1200.0,915300,43934600000.0
2026-02-23 09:30:30,48.2,300,sell,2026-02-23_093030_482000_300,23/02/2026,IDC,1200.0,915600,43949060000.0
2026-02-23 09:30:31,48.3,1000,buy,2026-02-23_093031_483000_1000,23/02/2026,IDC,1300.0,916600,43997360000.0
2026-02-23 09:30:39,48.2,200,sell,2026-02-23_093039_482000_200,23/02/2026,IDC,1200.0,916800,44007000000.0
2026-02-23 09:30:46,48.2,500,sell,2026-02-23_093046_482000_500,23/02/2026,IDC,1200.0,917300,44031100000.0
2026-02-23 09:30:54,48.2,6300,sell,2026-02-23_093054_482000_6300,23/02/2026,IDC,1200.0,923600,44334760000.0
2026-02-23 09:30:56,48.2,300,buy,2026-02-23_093056_482000_300,23/02/2026,IDC,1200.0,923900,44349220000.0
2026-02-23 09:31:03,48.2,1900,buy,2026-02-23_093103_482000_1900,23/02/2026,IDC,1200.0,925800,44440800000.0
2026-02-23 09:31:04,48.2,2000,buy,2026-02-23_093104_482000_2000,23/02/2026,IDC,1200.0,927800,44537200000.0
2026-02-23 09:31:07,48.1,300,sell,2026-02-23_093107_481000_300,23/02/2026,IDC,1100.0,928100,44551630000.0
2026-02-23 09:31:07,48.1,400,sell,2026-02-23_093107_481000_400,23/02/2026,IDC,1100.0,928500,44570870000.0
2026-02-23 09:31:20,48.1,500,sell,2026-02-23_093120_481000_500,23/02/2026,IDC,1100.0,929000,44594920000.0
2026-02-23 09:31:25,48.1,1000,sell,2026-02-23_093125_481000_1000,23/02/2026,IDC,1100.0,930000,44643020000.0
2026-02-23 09:31:27,48.1,100,sell,2026-02-23_093127_481000_100,23/02/2026,IDC,1100.0,930100,44647830000.0
2026-02-23 09:31:36,48.1,2000,sell,2026-02-23_093136_481000_2000,23/02/2026,IDC,1100.0,932100,44744030000.0
2026-02-23 09:31:36,48.1,10900,sell,2026-02-23_093136_481000_10900,23/02/2026,IDC,1100.0,943000,45268320000.0
2026-02-23 09:31:37,48.1,3300,sell,2026-02-23_093137_481000_3300,23/02/2026,IDC,1100.0,946300,45427050000.0
2026-02-23 09:31:41,48.1,100,sell,2026-02-23_093141_481000_100,23/02/2026,IDC,1100.0,946400,45431860000.0
2026-02-23 09:31:42,48.1,500,sell,2026-02-23_093142_481000_500,23/02/2026,IDC,1100.0,946900,45455910000.0
2026-02-23 09:31:43,48.1,2000,buy,2026-02-23_093143_481000_2000,23/02/2026,IDC,1100.0,948900,45552110000.0
2026-02-23 09:31:44,48.1,2100,buy,2026-02-23_093144_481000_2100,23/02/2026,IDC,1100.0,951000,45653120000.0
2026-02-23 09:31:50,48.0,1000,sell,2026-02-23_093150_480000_1000,23/02/2026,IDC,1000.0,952000,45701120000.0
2026-02-23 09:31:57,48.0,100,sell,2026-02-23_093157_480000_100,23/02/2026,IDC,1000.0,952100,45705920000.0
2026-02-23 09:31:57,48.0,17200,sell,2026-02-23_093157_480000_17200,23/02/2026,IDC,1000.0,969300,46531520000.0
2026-02-23 09:32:00,48.0,200,sell,2026-02-23_093200_480000_200,23/02/2026,IDC,1000.0,969500,46541120000.0
2026-02-23 09:32:04,48.0,500,sell,2026-02-23_093204_480000_500,23/02/2026,IDC,1000.0,970000,46565120000.0
2026-02-23 09:32:06,48.0,5400,sell,2026-02-23_093206_480000_5400,23/02/2026,IDC,1000.0,975400,46824320000.0
2026-02-23 09:32:11,48.0,100,buy,2026-02-23_093211_480000_100,23/02/2026,IDC,1000.0,975500,46829120000.0
2026-02-23 09:32:22,47.9,2000,sell,2026-02-23_093222_479000_2000,23/02/2026,IDC,900.0,977500,46924920000.0
2026-02-23 09:32:27,47.9,200,sell,2026-02-23_093227_479000_200,23/02/2026,IDC,900.0,977700,46934500000.0
2026-02-23 09:32:28,47.9,1200,sell,2026-02-23_093228_479000_1200,23/02/2026,IDC,900.0,978900,46991980000.0
2026-02-23 09:32:29,47.9,2000,sell,2026-02-23_093229_479000_2000,23/02/2026,IDC,900.0,980900,47087780000.0
2026-02-23 09:32:35,47.9,2000,sell,2026-02-23_093235_479000_2000,23/02/2026,IDC,900.0,982900,47183580000.0
2026-02-23 09:32:37,47.9,500,sell,2026-02-23_093237_479000_500,23/02/2026,IDC,900.0,983400,47207530000.0
2026-02-23 09:32:38,48.0,20000,buy,2026-02-23_093238_480000_20000,23/02/2026,IDC,1000.0,1003400,48167530000.0
2026-02-23 09:32:41,47.9,500,sell,2026-02-23_093241_479000_500,23/02/2026,IDC,900.0,1003900,48191480000.0
2026-02-23 09:32:49,47.9,500,buy,2026-02-23_093249_479000_500,23/02/2026,IDC,900.0,1005400,48263330000.0
2026-02-23 09:32:49,47.9,1000,buy,2026-02-23_093249_479000_1000,23/02/2026,IDC,900.0,1004900,48239380000.0
2026-02-23 09:32:51,47.9,100,buy,2026-02-23_093251_479000_100,23/02/2026,IDC,900.0,1005500,48268120000.0
2026-02-23 09:32:56,47.9,500,buy,2026-02-23_093256_479000_500,23/02/2026,IDC,900.0,1006000,48292070000.0
2026-02-23 09:33:00,47.9,1000,buy,2026-02-23_093300_479000_1000,23/02/2026,IDC,900.0,1007000,48339970000.0
2026-02-23 09:33:13,47.9,1400,buy,2026-02-23_093313_479000_1400,23/02/2026,IDC,900.0,1008400,48407030000.0
2026-02-23 09:33:14,47.9,600,sell,2026-02-23_093314_479000_600,23/02/2026,IDC,900.0,1009000,48435770000.0
2026-02-23 09:33:17,47.9,200,sell,2026-02-23_093317_479000_200,23/02/2026,IDC,900.0,1009200,48445350000.0
2026-02-23 09:33:18,47.8,2200,sell,2026-02-23_093318_478000_2200,23/02/2026,IDC,800.0,1014200,48684630000.0
2026-02-23 09:33:18,47.9,2800,sell,2026-02-23_093318_479000_2800,23/02/2026,IDC,900.0,1012000,48579470000.0
2026-02-23 09:33:21,48.0,1800,buy,2026-02-23_093321_480000_1800,23/02/2026,IDC,1000.0,1016000,48771030000.0
2026-02-23 09:33:22,48.0,200,sell,2026-02-23_093322_480000_200,23/02/2026,IDC,1000.0,1016200,48780630000.0
2026-02-23 09:33:23,47.8,500,sell,2026-02-23_093323_478000_500,23/02/2026,IDC,800.0,1016700,48804530000.0
2026-02-23 09:33:27,47.9,1000,buy,2026-02-23_093327_479000_1000,23/02/2026,IDC,900.0,1017700,48852430000.0
2026-02-23 09:33:33,47.9,1000,buy,2026-02-23_093333_479000_1000,23/02/2026,IDC,900.0,1018700,48900330000.0
2026-02-23 09:33:39,47.9,1000,buy,2026-02-23_093339_479000_1000,23/02/2026,IDC,900.0,1019700,48948230000.0
2026-02-23 09:33:48,47.9,2900,buy,2026-02-23_093348_479000_2900,23/02/2026,IDC,900.0,1022600,49087140000.0
2026-02-23 09:33:57,47.9,200,sell,2026-02-23_093357_479000_200,23/02/2026,IDC,900.0,1022800,49096720000.0
2026-02-23 09:33:59,47.9,2000,sell,2026-02-23_093359_479000_2000,23/02/2026,IDC,900.0,1024800,49192520000.0
2026-02-23 09:34:01,47.9,100,sell,2026-02-23_093401_479000_100,23/02/2026,IDC,900.0,1024900,49197310000.0
2026-02-23 09:34:05,47.9,2000,sell,2026-02-23_093405_479000_2000,23/02/2026,IDC,900.0,1026900,49293110000.0
2026-02-23 09:34:07,47.9,13100,sell,2026-02-23_093407_479000_13100,23/02/2026,IDC,900.0,1040000,49920600000.0
2026-02-23 09:34:15,47.9,2000,sell,2026-02-23_093415_479000_2000,23/02/2026,IDC,900.0,1042000,50016400000.0
2026-02-23 09:34:17,47.9,1500,sell,2026-02-23_093417_479000_1500,23/02/2026,IDC,900.0,1043500,50088250000.0
2026-02-23 09:34:20,47.9,5000,sell,2026-02-23_093420_479000_5000,23/02/2026,IDC,900.0,1048500,50327750000.0
2026-02-23 09:34:21,47.9,2000,sell,2026-02-23_093421_479000_2000,23/02/2026,IDC,900.0,1050500,50423550000.0
2026-02-23 09:34:26,47.9,2000,sell,2026-02-23_093426_479000_2000,23/02/2026,IDC,900.0,1052500,50519350000.0
2026-02-23 09:34:27,47.9,1000,sell,2026-02-23_093427_479000_1000,23/02/2026,IDC,900.0,1053500,50567250000.0
2026-02-23 09:34:29,47.9,300,sell,2026-02-23_093429_479000_300,23/02/2026,IDC,900.0,1053800,50581620000.0
2026-02-23 09:34:32,47.9,600,sell,2026-02-23_093432_479000_600,23/02/2026,IDC,900.0,1054400,50610360000.0
2026-02-23 09:34:45,47.8,300,sell,2026-02-23_093445_478000_300,23/02/2026,IDC,800.0,1054700,50624700000.0
2026-02-23 09:34:50,47.8,6100,sell,2026-02-23_093450_478000_6100,23/02/2026,IDC,800.0,1060800,50916280000.0
2026-02-23 09:34:57,47.8,600,sell,2026-02-23_093457_478000_600,23/02/2026,IDC,800.0,1061400,50944960000.0
2026-02-23 09:35:02,47.9,600,buy,2026-02-23_093502_479000_600,23/02/2026,IDC,900.0,1062000,50973700000.0
2026-02-23 09:35:04,47.8,3900,sell,2026-02-23_093504_478000_3900,23/02/2026,IDC,800.0,1065900,51160120000.0
2026-02-23 09:35:22,47.8,600,buy,2026-02-23_093522_478000_600,23/02/2026,IDC,800.0,1066500,51188800000.0
2026-02-23 09:35:31,47.8,100,buy,2026-02-23_093531_478000_100,23/02/2026,IDC,800.0,1066700,51198360000.0
2026-02-23 09:35:36,47.7,2000,sell,2026-02-23_093536_477000_2000,23/02/2026,IDC,700.0,1068700,51293760000.0
2026-02-23 09:35:37,47.7,200,sell,2026-02-23_093537_477000_200,23/02/2026,IDC,700.0,1068900,51303300000.0
2026-02-23 09:35:48,47.7,5000,sell,2026-02-23_093548_477000_5000,23/02/2026,IDC,700.0,1073900,51541800000.0
2026-02-23 09:35:49,47.7,1500,sell,2026-02-23_093549_477000_1500,23/02/2026,IDC,700.0,1075400,51613350000.0
2026-02-23 09:35:54,47.9,100,buy,2026-02-23_093554_479000_100,23/02/2026,IDC,900.0,1075500,51618140000.0
2026-02-23 09:36:02,47.7,100,sell,2026-02-23_093602_477000_100,23/02/2026,IDC,700.0,1075600,51622910000.0
2026-02-23 09:36:11,47.7,2900,sell,2026-02-23_093611_477000_2900,23/02/2026,IDC,700.0,1078500,51761240000.0
2026-02-23 09:36:17,47.7,200,sell,2026-02-23_093617_477000_200,23/02/2026,IDC,700.0,1078700,51770780000.0
2026-02-23 09:36:46,47.7,200,sell,2026-02-23_093646_477000_200,23/02/2026,IDC,700.0,1078900,51780320000.0
2026-02-23 09:37:20,47.7,1000,sell,2026-02-23_093720_477000_1000,23/02/2026,IDC,700.0,1079900,51828020000.0
2026-02-23 09:37:24,47.8,600,buy,2026-02-23_093724_478000_600,23/02/2026,IDC,800.0,1080500,51856700000.0
2026-02-23 09:37:26,47.8,1000,buy,2026-02-23_093726_478000_1000,23/02/2026,IDC,800.0,1081500,51904500000.0
2026-02-23 09:37:44,47.7,5200,sell,2026-02-23_093744_477000_5200,23/02/2026,IDC,700.0,1086700,52152540000.0
2026-02-23 09:37:47,47.7,500,sell,2026-02-23_093747_477000_500,23/02/2026,IDC,700.0,1087700,52200240000.0
2026-02-23 09:37:54,47.8,10000,buy,2026-02-23_093754_478000_10000,23/02/2026,IDC,800.0,1097700,52678240000.0
2026-02-23 09:38:21,47.8,2700,buy,2026-02-23_093821_478000_2700,23/02/2026,IDC,800.0,1100400,52807300000.0
2026-02-23 09:38:21,47.9,7300,buy,2026-02-23_093821_479000_7300,23/02/2026,IDC,900.0,1107700,53156970000.0
2026-02-23 09:38:39,47.9,10000,buy,2026-02-23_093839_479000_10000,23/02/2026,IDC,900.0,1117700,53635970000.0
2026-02-23 09:38:45,47.9,3400,buy,2026-02-23_093845_479000_3400,23/02/2026,IDC,900.0,1121100,53798830000.0
2026-02-23 09:38:46,47.9,300,buy,2026-02-23_093846_479000_300,23/02/2026,IDC,900.0,1121400,53813200000.0
2026-02-23 09:38:54,47.9,300,buy,2026-02-23_093854_479000_300,23/02/2026,IDC,900.0,1121700,53827570000.0
2026-02-23 09:38:57,47.9,100,buy,2026-02-23_093857_479000_100,23/02/2026,IDC,900.0,1121800,53832360000.0
2026-02-23 09:39:00,47.9,4000,buy,2026-02-23_093900_479000_4000,23/02/2026,IDC,900.0,1125800,54023960000.0
2026-02-23 09:39:03,47.9,100,buy,2026-02-23_093903_479000_100,23/02/2026,IDC,900.0,1125900,54028750000.0
2026-02-23 09:39:04,47.9,1200,buy,2026-02-23_093904_479000_1200,23/02/2026,IDC,900.0,1127100,54086230000.0
2026-02-23 09:39:05,47.9,900,buy,2026-02-23_093905_479000_900,23/02/2026,IDC,900.0,1128000,54129340000.0
2026-02-23 09:39:07,47.9,600,sell,2026-02-23_093907_479000_600,23/02/2026,IDC,900.0,1128600,54158080000.0
2026-02-23 09:39:27,47.9,2000,sell,2026-02-23_093927_479000_2000,23/02/2026,IDC,900.0,1130600,54253880000.0
2026-02-23 09:39:27,47.9,200,sell,2026-02-23_093927_479000_200,23/02/2026,IDC,900.0,1130800,54263460000.0
2026-02-23 09:39:41,47.9,1000,sell,2026-02-23_093941_479000_1000,23/02/2026,IDC,900.0,1131800,54311360000.0
2026-02-23 09:39:47,47.9,100,sell,2026-02-23_093947_479000_100,23/02/2026,IDC,900.0,1131900,54316150000.0
2026-02-23 09:39:57,48.0,1200,buy,2026-02-23_093957_480000_1200,23/02/2026,IDC,1000.0,1133100,54373750000.0
2026-02-23 09:40:10,48.0,400,buy,2026-02-23_094010_480000_400,23/02/2026,IDC,1000.0,1133500,54392950000.0
2026-02-23 09:40:22,48.0,200,buy,2026-02-23_094022_480000_200,23/02/2026,IDC,1000.0,1133700,54402550000.0
2026-02-23 09:40:23,47.9,2000,sell,2026-02-23_094023_479000_2000,23/02/2026,IDC,900.0,1135700,54498350000.0
2026-02-23 09:40:24,47.9,34900,sell,2026-02-23_094024_479000_34900,23/02/2026,IDC,900.0,1170600,56170060000.0
2026-02-23 09:40:27,47.9,3700,sell,2026-02-23_094027_479000_3700,23/02/2026,IDC,900.0,1174300,56347290000.0
2026-02-23 09:40:30,47.9,1000,sell,2026-02-23_094030_479000_1000,23/02/2026,IDC,900.0,1175300,56395190000.0
2026-02-23 09:40:33,47.9,1100,sell,2026-02-23_094033_479000_1100,23/02/2026,IDC,900.0,1176400,56447880000.0
2026-02-23 09:40:35,47.9,900,buy,2026-02-23_094035_479000_900,23/02/2026,IDC,900.0,1177300,56490990000.0
2026-02-23 09:40:37,47.9,600,sell,2026-02-23_094037_479000_600,23/02/2026,IDC,900.0,1177900,56519730000.0
2026-02-23 09:40:50,47.9,300,sell,2026-02-23_094050_479000_300,23/02/2026,IDC,900.0,1178200,56534100000.0
2026-02-23 09:40:56,47.9,200,sell,2026-02-23_094056_479000_200,23/02/2026,IDC,900.0,1178400,56543680000.0
2026-02-23 09:40:58,47.9,200,sell,2026-02-23_094058_479000_200,23/02/2026,IDC,900.0,1178600,56553260000.0
2026-02-23 09:41:07,47.9,200,sell,2026-02-23_094107_479000_200,23/02/2026,IDC,900.0,1178800,56562840000.0
2026-02-23 09:41:13,47.9,100,sell,2026-02-23_094113_479000_100,23/02/2026,IDC,900.0,1178900,56567630000.0
2026-02-23 09:41:14,47.9,100,sell,2026-02-23_094114_479000_100,23/02/2026,IDC,900.0,1179000,56572420000.0
2026-02-23 09:41:26,47.9,400,sell,2026-02-23_094126_479000_400,23/02/2026,IDC,900.0,1179400,56591580000.0
2026-02-23 09:42:01,47.9,500,sell,2026-02-23_094201_479000_500,23/02/2026,IDC,900.0,1179900,56615530000.0
2026-02-23 09:42:10,47.9,1500,sell,2026-02-23_094210_479000_1500,23/02/2026,IDC,900.0,1181400,56687380000.0
2026-02-23 09:42:17,47.9,100,sell,2026-02-23_094217_479000_100,23/02/2026,IDC,900.0,1181500,56692170000.0
2026-02-23 09:42:18,47.9,3000,sell,2026-02-23_094218_479000_3000,23/02/2026,IDC,900.0,1184500,56835870000.0
2026-02-23 09:42:19,47.9,1000,sell,2026-02-23_094219_479000_1000,23/02/2026,IDC,900.0,1185500,56883770000.0
2026-02-23 09:42:20,47.9,500,sell,2026-02-23_094220_479000_500,23/02/2026,IDC,900.0,1186000,56907720000.0
2026-02-23 09:42:22,47.9,4700,sell,2026-02-23_094222_479000_4700,23/02/2026,IDC,900.0,1190700,57132850000.0
2026-02-23 09:42:47,47.9,1000,buy,2026-02-23_094247_479000_1000,23/02/2026,IDC,900.0,1191700,57180750000.0
2026-02-23 09:42:51,47.9,1000,buy,2026-02-23_094251_479000_1000,23/02/2026,IDC,900.0,1192700,57228650000.0
2026-02-23 09:43:00,47.9,2000,buy,2026-02-23_094300_479000_2000,23/02/2026,IDC,900.0,1194700,57324450000.0
2026-02-23 09:43:04,47.8,900,sell,2026-02-23_094304_478000_900,23/02/2026,IDC,800.0,1195600,57367470000.0
2026-02-23 09:43:07,47.8,200,sell,2026-02-23_094307_478000_200,23/02/2026,IDC,800.0,1195800,57377030000.0
2026-02-23 09:43:36,47.9,100,buy,2026-02-23_094336_479000_100,23/02/2026,IDC,900.0,1195900,57381820000.0
2026-02-23 09:44:02,47.8,6100,sell,2026-02-23_094402_478000_6100,23/02/2026,IDC,800.0,1202000,57673400000.0
2026-02-23 09:44:07,47.8,600,sell,2026-02-23_094407_478000_600,23/02/2026,IDC,800.0,1202600,57702080000.0
2026-02-23 09:44:14,47.8,5000,sell,2026-02-23_094414_478000_5000,23/02/2026,IDC,800.0,1207600,57941080000.0
2026-02-23 09:44:14,47.8,14100,sell,2026-02-23_094414_478000_14100,23/02/2026,IDC,800.0,1221700,58615060000.0
2026-02-23 09:45:32,47.8,800,buy,2026-02-23_094532_478000_800,23/02/2026,IDC,800.0,1222500,58653300000.0
2026-02-23 09:45:46,47.8,100,buy,2026-02-23_094546_478000_100,23/02/2026,IDC,800.0,1222600,58658080000.0
2026-02-23 09:45:53,47.8,100,buy,2026-02-23_094553_478000_100,23/02/2026,IDC,800.0,1222700,58662860000.0
2026-02-23 09:45:56,47.7,2000,sell,2026-02-23_094556_477000_2000,23/02/2026,IDC,700.0,1224700,58758260000.0
2026-02-23 09:45:57,47.7,200,sell,2026-02-23_094557_477000_200,23/02/2026,IDC,700.0,1224900,58767800000.0
2026-02-23 09:46:50,47.8,1000,buy,2026-02-23_094650_478000_1000,23/02/2026,IDC,800.0,1225900,58815600000.0
2026-02-23 09:46:57,47.8,5000,buy,2026-02-23_094657_478000_5000,23/02/2026,IDC,800.0,1230900,59054600000.0
2026-02-23 09:47:05,47.8,200,buy,2026-02-23_094705_478000_200,23/02/2026,IDC,800.0,1231100,59064160000.0
2026-02-23 09:47:33,47.8,1400,buy,2026-02-23_094733_478000_1400,23/02/2026,IDC,800.0,1232500,59131080000.0
2026-02-23 09:48:09,47.8,100,buy,2026-02-23_094809_478000_100,23/02/2026,IDC,800.0,1232600,59135860000.0
2026-02-23 09:48:12,47.8,100,buy,2026-02-23_094812_478000_100,23/02/2026,IDC,800.0,1232700,59140640000.0
2026-02-23 09:48:25,47.8,100,buy,2026-02-23_094825_478000_100,23/02/2026,IDC,800.0,1232800,59145420000.0
2026-02-23 09:48:32,47.8,3100,buy,2026-02-23_094832_478000_3100,23/02/2026,IDC,800.0,1235900,59293600000.0
2026-02-23 09:48:37,47.8,300,sell,2026-02-23_094837_478000_300,23/02/2026,IDC,800.0,1236200,59307940000.0
2026-02-23 09:48:56,47.8,4700,sell,2026-02-23_094856_478000_4700,23/02/2026,IDC,800.0,1240900,59532600000.0
2026-02-23 09:49:00,47.8,200,buy,2026-02-23_094900_478000_200,23/02/2026,IDC,800.0,1241100,59542160000.0
2026-02-23 09:49:20,47.8,1000,buy,2026-02-23_094920_478000_1000,23/02/2026,IDC,800.0,1242100,59589960000.0
2026-02-23 09:49:24,47.9,200,buy,2026-02-23_094924_479000_200,23/02/2026,IDC,900.0,1243100,59637780000.0
2026-02-23 09:49:24,47.8,800,buy,2026-02-23_094924_478000_800,23/02/2026,IDC,800.0,1242900,59628200000.0
2026-02-23 09:49:51,47.9,10000,buy,2026-02-23_094951_479000_10000,23/02/2026,IDC,900.0,1253100,60116780000.0
2026-02-23 09:50:01,47.9,800,buy,2026-02-23_095001_479000_800,23/02/2026,IDC,900.0,1253900,60155100000.0
2026-02-23 09:50:28,47.8,100,sell,2026-02-23_095028_478000_100,23/02/2026,IDC,800.0,1254000,60159880000.0
2026-02-23 09:50:37,47.8,100,sell,2026-02-23_095037_478000_100,23/02/2026,IDC,800.0,1254100,60164660000.0
2026-02-23 09:50:39,47.9,600,buy,2026-02-23_095039_479000_600,23/02/2026,IDC,900.0,1254700,60193400000.0
2026-02-23 09:51:22,47.9,100,buy,2026-02-23_095122_479000_100,23/02/2026,IDC,900.0,1254800,60198190000.0
2026-02-23 09:51:49,47.8,5000,sell,2026-02-23_095149_478000_5000,23/02/2026,IDC,800.0,1259800,60437190000.0
2026-02-23 09:51:57,47.8,500,sell,2026-02-23_095157_478000_500,23/02/2026,IDC,800.0,1260300,60461090000.0
2026-02-23 09:52:08,47.8,300,sell,2026-02-23_095208_478000_300,23/02/2026,IDC,800.0,1260600,60475430000.0
2026-02-23 09:52:22,47.8,5300,sell,2026-02-23_095222_478000_5300,23/02/2026,IDC,800.0,1265900,60728770000.0
2026-02-23 09:52:39,47.8,1000,buy,2026-02-23_095239_478000_1000,23/02/2026,IDC,800.0,1266900,60776570000.0
2026-02-23 09:52:58,47.8,300,buy,2026-02-23_095258_478000_300,23/02/2026,IDC,800.0,1267200,60790910000.0
2026-02-23 09:53:08,47.8,200,buy,2026-02-23_095308_478000_200,23/02/2026,IDC,800.0,1267400,60800470000.0
2026-02-23 09:53:19,47.8,200,buy,2026-02-23_095319_478000_200,23/02/2026,IDC,800.0,1267600,60810030000.0
2026-02-23 09:53:20,47.8,100,buy,2026-02-23_095320_478000_100,23/02/2026,IDC,800.0,1267700,60814810000.0
2026-02-23 09:54:01,47.8,200,sell,2026-02-23_095401_478000_200,23/02/2026,IDC,800.0,1267900,60824370000.0
2026-02-23 09:54:02,47.8,300,sell,2026-02-23_095402_478000_300,23/02/2026,IDC,800.0,1268200,60838710000.0
2026-02-23 09:54:04,47.8,200,buy,2026-02-23_095404_478000_200,23/02/2026,IDC,800.0,1268400,60848270000.0
2026-02-23 09:54:30,47.8,6000,sell,2026-02-23_095430_478000_6000,23/02/2026,IDC,800.0,1274400,61135070000.0
2026-02-23 09:54:31,47.9,6000,buy,2026-02-23_095431_479000_6000,23/02/2026,IDC,900.0,1280400,61422470000.0
2026-02-23 09:54:45,47.9,20400,buy,2026-02-23_095445_479000_20400,23/02/2026,IDC,900.0,1300800,62399630000.0
2026-02-23 09:54:46,47.9,5000,buy,2026-02-23_095446_479000_5000,23/02/2026,IDC,900.0,1305800,62639130000.0
2026-02-23 09:54:52,47.9,21800,buy,2026-02-23_095452_479000_21800,23/02/2026,IDC,900.0,1327600,63683350000.0
2026-02-23 09:54:57,47.9,2100,sell,2026-02-23_095457_479000_2100,23/02/2026,IDC,900.0,1329700,63783940000.0
2026-02-23 09:55:07,47.9,200,sell,2026-02-23_095507_479000_200,23/02/2026,IDC,900.0,1329900,63793520000.0
2026-02-23 09:55:18,47.9,200,sell,2026-02-23_095518_479000_200,23/02/2026,IDC,900.0,1330100,63803100000.0
2026-02-23 09:55:21,47.9,4000,sell,2026-02-23_095521_479000_4000,23/02/2026,IDC,900.0,1334100,63994700000.0
2026-02-23 09:55:22,47.9,8500,sell,2026-02-23_095522_479000_8500,23/02/2026,IDC,900.0,1342600,64401850000.0
2026-02-23 09:55:26,47.9,3000,sell,2026-02-23_095526_479000_3000,23/02/2026,IDC,900.0,1345600,64545550000.0
2026-02-23 09:55:27,47.9,300,sell,2026-02-23_095527_479000_300,23/02/2026,IDC,900.0,1345900,64559920000.0
2026-02-23 09:55:35,47.9,1000,buy,2026-02-23_095535_479000_1000,23/02/2026,IDC,900.0,1346900,64607820000.0
2026-02-23 09:55:39,47.9,100,buy,2026-02-23_095539_479000_100,23/02/2026,IDC,900.0,1347000,64612610000.0
2026-02-23 09:55:42,47.8,600,sell,2026-02-23_095542_478000_600,23/02/2026,IDC,800.0,1347600,64641290000.0
2026-02-23 09:55:42,47.9,300,buy,2026-02-23_095542_479000_300,23/02/2026,IDC,900.0,1347900,64655660000.0
2026-02-23 09:55:56,47.9,200,buy,2026-02-23_095556_479000_200,23/02/2026,IDC,900.0,1348100,64665240000.0
2026-02-23 09:55:57,47.9,500,sell,2026-02-23_095557_479000_500,23/02/2026,IDC,900.0,1348600,64689190000.0
2026-02-23 09:55:58,47.9,3000,sell,2026-02-23_095558_479000_3000,23/02/2026,IDC,900.0,1351600,64832890000.0
2026-02-23 09:55:59,47.9,500,sell,2026-02-23_095559_479000_500,23/02/2026,IDC,900.0,1352100,64856840000.0
2026-02-23 09:56:00,48.0,30000,buy,2026-02-23_095600_480000_30000,23/02/2026,IDC,1000.0,1382100,66296840000.0
2026-02-23 09:56:12,47.9,800,sell,2026-02-23_095612_479000_800,23/02/2026,IDC,900.0,1382900,66335160000.0
2026-02-23 09:56:12,47.9,2200,buy,2026-02-23_095612_479000_2200,23/02/2026,IDC,900.0,1385100,66440540000.0
2026-02-23 09:56:12,48.1,11600,buy,2026-02-23_095612_481000_11600,23/02/2026,IDC,1100.0,1402900,67296100000.0
2026-02-23 09:56:12,48.0,6200,buy,2026-02-23_095612_480000_6200,23/02/2026,IDC,1000.0,1391300,66738140000.0
2026-02-23 09:56:18,48.1,200,buy,2026-02-23_095618_481000_200,23/02/2026,IDC,1100.0,1403100,67305720000.0
2026-02-23 09:56:38,48.1,20700,buy,2026-02-23_095638_481000_20700,23/02/2026,IDC,1100.0,1423800,68301390000.0
2026-02-23 09:56:41,48.1,6500,sell,2026-02-23_095641_481000_6500,23/02/2026,IDC,1100.0,1430300,68614040000.0
2026-02-23 09:56:44,48.1,200,sell,2026-02-23_095644_481000_200,23/02/2026,IDC,1100.0,1430500,68623660000.0
2026-02-23 09:56:47,48.1,2700,sell,2026-02-23_095647_481000_2700,23/02/2026,IDC,1100.0,1433200,68753530000.0
2026-02-23 09:56:57,48.1,200,sell,2026-02-23_095657_481000_200,23/02/2026,IDC,1100.0,1433400,68763150000.0
2026-02-23 09:57:01,48.2,6500,buy,2026-02-23_095701_482000_6500,23/02/2026,IDC,1200.0,1439900,69076450000.0
2026-02-23 09:57:11,48.1,500,sell,2026-02-23_095711_481000_500,23/02/2026,IDC,1100.0,1440400,69100500000.0
2026-02-23 09:57:33,48.1,500,sell,2026-02-23_095733_481000_500,23/02/2026,IDC,1100.0,1440900,69124550000.0
2026-02-23 09:57:37,48.1,1500,sell,2026-02-23_095737_481000_1500,23/02/2026,IDC,1100.0,1442400,69196700000.0
2026-02-23 09:57:41,48.1,500,sell,2026-02-23_095741_481000_500,23/02/2026,IDC,1100.0,1442900,69220750000.0
2026-02-23 09:57:43,48.1,500,sell,2026-02-23_095743_481000_500,23/02/2026,IDC,1100.0,1443400,69244800000.0
2026-02-23 09:57:45,48.1,400,sell,2026-02-23_095745_481000_400,23/02/2026,IDC,1100.0,1443800,69264040000.0
2026-02-23 09:57:59,48.1,1100,buy,2026-02-23_095759_481000_1100,23/02/2026,IDC,1100.0,1444900,69316950000.0
2026-02-23 09:58:01,48.1,300,buy,2026-02-23_095801_481000_300,23/02/2026,IDC,1100.0,1445200,69331380000.0
2026-02-23 09:58:16,48.1,3000,buy,2026-02-23_095816_481000_3000,23/02/2026,IDC,1100.0,1448200,69475680000.0
2026-02-23 09:58:19,48.1,4900,buy,2026-02-23_095819_481000_4900,23/02/2026,IDC,1100.0,1453100,69711370000.0
2026-02-23 09:58:47,48.1,5400,buy,2026-02-23_095847_481000_5400,23/02/2026,IDC,1100.0,1458500,69971110000.0
2026-02-23 09:58:57,48.2,3100,buy,2026-02-23_095857_482000_3100,23/02/2026,IDC,1200.0,1462100,70144580000.0
2026-02-23 09:58:57,48.1,500,sell,2026-02-23_095857_481000_500,23/02/2026,IDC,1100.0,1459000,69995160000.0
2026-02-23 09:59:10,48.0,100,sell,2026-02-23_095910_480000_100,23/02/2026,IDC,1000.0,1462200,70149380000.0
2026-02-23 09:59:23,48.1,300,buy,2026-02-23_095923_481000_300,23/02/2026,IDC,1100.0,1462500,70163810000.0
2026-02-23 09:59:38,48.1,100,buy,2026-02-23_095938_481000_100,23/02/2026,IDC,1100.0,1462600,70168620000.0
2026-02-23 09:59:42,48.0,11300,sell,2026-02-23_095942_480000_11300,23/02/2026,IDC,1000.0,1473900,70711020000.0
2026-02-23 09:59:47,48.0,1100,sell,2026-02-23_095947_480000_1100,23/02/2026,IDC,1000.0,1475000,70763820000.0
2026-02-23 09:59:49,48.0,100,sell,2026-02-23_095949_480000_100,23/02/2026,IDC,1000.0,1475100,70768620000.0
2026-02-23 09:59:56,48.0,1800,sell,2026-02-23_095956_480000_1800,23/02/2026,IDC,1000.0,1476900,70855020000.0
2026-02-23 09:59:57,48.0,3200,buy,2026-02-23_095957_480000_3200,23/02/2026,IDC,1000.0,1480100,71008620000.0
2026-02-23 09:59:57,48.0,600,sell,2026-02-23_095957_480000_600,23/02/2026,IDC,1000.0,1480700,71037420000.0
2026-02-23 10:00:12,48.0,2000,sell,2026-02-23_100012_480000_2000,23/02/2026,IDC,1000.0,1482700,71133420000.0
2026-02-23 10:00:17,48.0,200,sell,2026-02-23_100017_480000_200,23/02/2026,IDC,1000.0,1482900,71143020000.0
2026-02-23 10:00:19,48.0,1100,sell,2026-02-23_100019_480000_1100,23/02/2026,IDC,1000.0,1484000,71195820000.0
2026-02-23 10:00:27,48.0,100,buy,2026-02-23_100027_480000_100,23/02/2026,IDC,1000.0,1484100,71200620000.0
2026-02-23 10:00:31,48.0,2000,buy,2026-02-23_100031_480000_2000,23/02/2026,IDC,1000.0,1486100,71296620000.0
2026-02-23 10:00:32,48.0,2400,buy,2026-02-23_100032_480000_2400,23/02/2026,IDC,1000.0,1488500,71411820000.0
2026-02-23 10:00:37,48.0,200,sell,2026-02-23_100037_480000_200,23/02/2026,IDC,1000.0,1488700,71421420000.0
2026-02-23 10:00:37,48.0,400,sell,2026-02-23_100037_480000_400,23/02/2026,IDC,1000.0,1489100,71440620000.0
2026-02-23 10:00:41,48.0,1900,sell,2026-02-23_100041_480000_1900,23/02/2026,IDC,1000.0,1491000,71531820000.0
2026-02-23 10:01:44,48.0,1000,buy,2026-02-23_100144_480000_1000,23/02/2026,IDC,1000.0,1492000,71579820000.0
2026-02-23 10:01:53,48.0,500,buy,2026-02-23_100153_480000_500,23/02/2026,IDC,1000.0,1492500,71603820000.0
2026-02-23 10:02:11,48.0,3000,buy,2026-02-23_100211_480000_3000,23/02/2026,IDC,1000.0,1495500,71747820000.0
2026-02-23 10:02:11,48.0,100,buy,2026-02-23_100211_480000_100,23/02/2026,IDC,1000.0,1495600,71752620000.0
2026-02-23 10:02:23,48.0,2000,buy,2026-02-23_100223_480000_2000,23/02/2026,IDC,1000.0,1497600,71848620000.0
2026-02-23 10:02:48,48.0,200,buy,2026-02-23_100248_480000_200,23/02/2026,IDC,1000.0,1497800,71858220000.0
2026-02-23 10:02:57,48.0,200,buy,2026-02-23_100257_480000_200,23/02/2026,IDC,1000.0,1498000,71867820000.0
2026-02-23 10:03:00,48.0,200,buy,2026-02-23_100300_480000_200,23/02/2026,IDC,1000.0,1498200,71877420000.0
2026-02-23 10:03:10,48.0,400,buy,2026-02-23_100310_480000_400,23/02/2026,IDC,1000.0,1498600,71896620000.0
2026-02-23 10:03:12,48.0,2600,buy,2026-02-23_100312_480000_2600,23/02/2026,IDC,1000.0,1501200,72021420000.0
2026-02-23 10:03:34,48.0,2000,buy,2026-02-23_100334_480000_2000,23/02/2026,IDC,1000.0,1503200,72117420000.0
2026-02-23 10:03:36,48.0,2100,buy,2026-02-23_100336_480000_2100,23/02/2026,IDC,1000.0,1505300,72218220000.0
2026-02-23 10:03:46,48.0,200,buy,2026-02-23_100346_480000_200,23/02/2026,IDC,1000.0,1505500,72227820000.0
2026-02-23 10:03:57,48.0,1100,buy,2026-02-23_100357_480000_1100,23/02/2026,IDC,1000.0,1506600,72280620000.0
2026-02-23 10:04:00,48.0,200,buy,2026-02-23_100400_480000_200,23/02/2026,IDC,1000.0,1506800,72290220000.0
2026-02-23 10:04:12,47.9,300,sell,2026-02-23_100412_479000_300,23/02/2026,IDC,900.0,1507100,72304590000.0
2026-02-23 10:04:36,48.0,500,buy,2026-02-23_100436_480000_500,23/02/2026,IDC,1000.0,1507600,72328590000.0
2026-02-23 10:05:07,48.0,2300,buy,2026-02-23_100507_480000_2300,23/02/2026,IDC,1000.0,1509900,72438990000.0
2026-02-23 10:05:33,47.9,1000,sell,2026-02-23_100533_479000_1000,23/02/2026,IDC,900.0,1510900,72486890000.0
2026-02-23 10:05:35,47.9,11700,sell,2026-02-23_100535_479000_11700,23/02/2026,IDC,900.0,1522600,73047320000.0
2026-02-23 10:05:36,47.9,23000,sell,2026-02-23_100536_479000_23000,23/02/2026,IDC,900.0,1545600,74149020000.0
2026-02-23 10:06:00,47.9,200,buy,2026-02-23_100600_479000_200,23/02/2026,IDC,900.0,1545800,74158600000.0
2026-02-23 10:06:05,47.9,3300,buy,2026-02-23_100605_479000_3300,23/02/2026,IDC,900.0,1551100,74412270000.0
2026-02-23 10:06:05,47.8,2000,sell,2026-02-23_100605_478000_2000,23/02/2026,IDC,800.0,1547800,74254200000.0
2026-02-23 10:06:07,47.9,500,sell,2026-02-23_100607_479000_500,23/02/2026,IDC,900.0,1551600,74436220000.0
2026-02-23 10:06:41,47.9,500,sell,2026-02-23_100641_479000_500,23/02/2026,IDC,900.0,1552100,74460170000.0
2026-02-23 10:06:58,47.9,2000,sell,2026-02-23_100658_479000_2000,23/02/2026,IDC,900.0,1554100,74555970000.0
2026-02-23 10:06:58,47.9,1000,sell,2026-02-23_100658_479000_1000,23/02/2026,IDC,900.0,1555100,74603870000.0
2026-02-23 10:07:03,47.9,1000,sell,2026-02-23_100703_479000_1000,23/02/2026,IDC,900.0,1556100,74651770000.0
2026-02-23 10:07:07,47.9,400,sell,2026-02-23_100707_479000_400,23/02/2026,IDC,900.0,1556500,74670930000.0
2026-02-23 10:08:00,47.9,1000,sell,2026-02-23_100800_479000_1000,23/02/2026,IDC,900.0,1557500,74718830000.0
2026-02-23 10:08:07,47.9,100,sell,2026-02-23_100807_479000_100,23/02/2026,IDC,900.0,1557600,74723620000.0
2026-02-23 10:08:30,47.9,1600,sell,2026-02-23_100830_479000_1600,23/02/2026,IDC,900.0,1559200,74800260000.0
2026-02-23 10:08:38,47.9,500,buy,2026-02-23_100838_479000_500,23/02/2026,IDC,900.0,1559700,74824210000.0
2026-02-23 10:08:50,47.9,1500,sell,2026-02-23_100850_479000_1500,23/02/2026,IDC,900.0,1561200,74896060000.0
2026-02-23 10:08:54,47.9,2000,sell,2026-02-23_100854_479000_2000,23/02/2026,IDC,900.0,1563200,74991860000.0
2026-02-23 10:08:57,47.9,300,sell,2026-02-23_100857_479000_300,23/02/2026,IDC,900.0,1563500,75006230000.0
2026-02-23 10:09:07,47.9,700,sell,2026-02-23_100907_479000_700,23/02/2026,IDC,900.0,1564200,75039760000.0
2026-02-23 10:09:17,47.8,1200,sell,2026-02-23_100917_478000_1200,23/02/2026,IDC,800.0,1565400,75097120000.0
2026-02-23 10:09:38,47.8,500,sell,2026-02-23_100938_478000_500,23/02/2026,IDC,800.0,1565900,75121020000.0
2026-02-23 10:09:46,47.8,27500,sell,2026-02-23_100946_478000_27500,23/02/2026,IDC,800.0,1593400,76435520000.0
2026-02-23 10:09:49,47.8,3300,buy,2026-02-23_100949_478000_3300,23/02/2026,IDC,800.0,1596700,76593260000.0
2026-02-23 10:09:49,47.9,600,buy,2026-02-23_100949_479000_600,23/02/2026,IDC,900.0,1597300,76622000000.0
2026-02-23 10:09:51,47.9,1500,buy,2026-02-23_100951_479000_1500,23/02/2026,IDC,900.0,1598800,76693850000.0
2026-02-23 10:09:59,47.9,3200,buy,2026-02-23_100959_479000_3200,23/02/2026,IDC,900.0,1602000,76847130000.0
2026-02-23 10:10:07,47.9,300,sell,2026-02-23_101007_479000_300,23/02/2026,IDC,900.0,1602300,76861500000.0
2026-02-23 10:10:26,48.0,1000,buy,2026-02-23_101026_480000_1000,23/02/2026,IDC,1000.0,1603300,76909500000.0
2026-02-23 10:10:59,47.9,100,sell,2026-02-23_101059_479000_100,23/02/2026,IDC,900.0,1603400,76914290000.0
2026-02-23 10:11:02,47.9,4000,sell,2026-02-23_101102_479000_4000,23/02/2026,IDC,900.0,1607400,77105890000.0
2026-02-23 10:11:06,48.0,500,buy,2026-02-23_101106_480000_500,23/02/2026,IDC,1000.0,1607900,77129890000.0
2026-02-23 10:11:26,48.0,2000,buy,2026-02-23_101126_480000_2000,23/02/2026,IDC,1000.0,1609900,77225890000.0
2026-02-23 10:11:30,48.0,1000,buy,2026-02-23_101130_480000_1000,23/02/2026,IDC,1000.0,1610900,77273890000.0
2026-02-23 10:11:31,48.0,1000,buy,2026-02-23_101131_480000_1000,23/02/2026,IDC,1000.0,1611900,77321890000.0
2026-02-23 10:11:52,48.0,500,buy,2026-02-23_101152_480000_500,23/02/2026,IDC,1000.0,1612400,77345890000.0
2026-02-23 10:11:59,48.0,500,buy,2026-02-23_101159_480000_500,23/02/2026,IDC,1000.0,1612900,77369890000.0
2026-02-23 10:12:13,48.0,16700,buy,2026-02-23_101213_480000_16700,23/02/2026,IDC,1000.0,1629600,78171490000.0
2026-02-23 10:12:13,48.1,3300,buy,2026-02-23_101213_481000_3300,23/02/2026,IDC,1100.0,1632900,78330220000.0
2026-02-23 10:12:25,48.0,200,sell,2026-02-23_101225_480000_200,23/02/2026,IDC,1000.0,1633100,78339820000.0
2026-02-23 10:12:26,48.1,100,buy,2026-02-23_101226_481000_100,23/02/2026,IDC,1100.0,1633200,78344630000.0
2026-02-23 10:12:30,48.1,300,buy,2026-02-23_101230_481000_300,23/02/2026,IDC,1100.0,1633500,78359060000.0
2026-02-23 10:12:40,48.0,500,sell,2026-02-23_101240_480000_500,23/02/2026,IDC,1000.0,1634000,78383060000.0
2026-02-23 10:12:49,48.0,600,sell,2026-02-23_101249_480000_600,23/02/2026,IDC,1000.0,1634600,78411860000.0
2026-02-23 10:12:57,48.1,100,buy,2026-02-23_101257_481000_100,23/02/2026,IDC,1100.0,1634700,78416670000.0
2026-02-23 10:13:31,48.1,300,buy,2026-02-23_101331_481000_300,23/02/2026,IDC,1100.0,1635000,78431100000.0
2026-02-23 10:13:42,48.1,400,buy,2026-02-23_101342_481000_400,23/02/2026,IDC,1100.0,1635400,78450340000.0
2026-02-23 10:13:50,48.0,500,sell,2026-02-23_101350_480000_500,23/02/2026,IDC,1000.0,1635900,78474340000.0
2026-02-23 10:14:06,48.0,300,sell,2026-02-23_101406_480000_300,23/02/2026,IDC,1000.0,1636200,78488740000.0
2026-02-23 10:14:11,48.0,600,sell,2026-02-23_101411_480000_600,23/02/2026,IDC,1000.0,1636800,78517540000.0
2026-02-23 10:14:55,48.0,1000,sell,2026-02-23_101455_480000_1000,23/02/2026,IDC,1000.0,1637800,78565540000.0
2026-02-23 10:14:57,48.0,100,sell,2026-02-23_101457_480000_100,23/02/2026,IDC,1000.0,1637900,78570340000.0
2026-02-23 10:15:13,48.0,1000,sell,2026-02-23_101513_480000_1000,23/02/2026,IDC,1000.0,1638900,78618340000.0
2026-02-23 10:15:17,48.0,100,sell,2026-02-23_101517_480000_100,23/02/2026,IDC,1000.0,1639000,78623140000.0
2026-02-23 10:15:28,48.0,100,sell,2026-02-23_101528_480000_100,23/02/2026,IDC,1000.0,1639100,78627940000.0
2026-02-23 10:16:18,48.0,400,sell,2026-02-23_101618_480000_400,23/02/2026,IDC,1000.0,1639500,78647140000.0
2026-02-23 10:16:28,48.0,5100,sell,2026-02-23_101628_480000_5100,23/02/2026,IDC,1000.0,1644600,78891940000.0
2026-02-23 10:16:32,48.1,5000,buy,2026-02-23_101632_481000_5000,23/02/2026,IDC,1100.0,1649600,79132440000.0
2026-02-23 10:16:36,48.1,400,buy,2026-02-23_101636_481000_400,23/02/2026,IDC,1100.0,1650000,79151680000.0
2026-02-23 10:16:43,48.1,5000,buy,2026-02-23_101643_481000_5000,23/02/2026,IDC,1100.0,1655000,79392180000.0
2026-02-23 10:16:50,48.1,500,buy,2026-02-23_101650_481000_500,23/02/2026,IDC,1100.0,1655500,79416230000.0
2026-02-23 10:16:50,48.1,600,buy,2026-02-23_101650_481000_600,23/02/2026,IDC,1100.0,1656100,79445090000.0
2026-02-23 10:16:59,48.1,2900,buy,2026-02-23_101659_481000_2900,23/02/2026,IDC,1100.0,1659000,79584580000.0
2026-02-23 10:17:07,48.1,200,sell,2026-02-23_101707_481000_200,23/02/2026,IDC,1100.0,1659200,79594200000.0
2026-02-23 10:17:32,48.1,100,sell,2026-02-23_101732_481000_100,23/02/2026,IDC,1100.0,1659300,79599010000.0
2026-02-23 10:17:41,48.1,500,sell,2026-02-23_101741_481000_500,23/02/2026,IDC,1100.0,1659800,79623060000.0
2026-02-23 10:17:43,48.2,600,buy,2026-02-23_101743_482000_600,23/02/2026,IDC,1200.0,1660400,79651980000.0
2026-02-23 10:17:46,48.1,400,sell,2026-02-23_101746_481000_400,23/02/2026,IDC,1100.0,1660800,79671220000.0
2026-02-23 10:17:47,48.1,100,sell,2026-02-23_101747_481000_100,23/02/2026,IDC,1100.0,1660900,79676030000.0
2026-02-23 10:17:53,48.1,300,sell,2026-02-23_101753_481000_300,23/02/2026,IDC,1100.0,1661200,79690460000.0
2026-02-23 10:17:59,48.1,1000,sell,2026-02-23_101759_481000_1000,23/02/2026,IDC,1100.0,1662200,79738560000.0
2026-02-23 10:18:07,48.1,800,sell,2026-02-23_101807_481000_800,23/02/2026,IDC,1100.0,1663000,79777040000.0
2026-02-23 10:18:07,48.1,100,sell,2026-02-23_101807_481000_100,23/02/2026,IDC,1100.0,1663100,79781850000.0
2026-02-23 10:18:21,48.1,500,sell,2026-02-23_101821_481000_500,23/02/2026,IDC,1100.0,1663600,79805900000.0
2026-02-23 10:18:30,48.1,100,sell,2026-02-23_101830_481000_100,23/02/2026,IDC,1100.0,1663700,79810710000.0
2026-02-23 10:18:45,48.1,500,sell,2026-02-23_101845_481000_500,23/02/2026,IDC,1100.0,1664200,79834760000.0
2026-02-23 10:18:49,48.1,300,sell,2026-02-23_101849_481000_300,23/02/2026,IDC,1100.0,1664500,79849190000.0
2026-02-23 10:19:08,48.2,20000,buy,2026-02-23_101908_482000_20000,23/02/2026,IDC,1200.0,1684500,80813190000.0
2026-02-23 10:19:14,48.1,4900,sell,2026-02-23_101914_481000_4900,23/02/2026,IDC,1100.0,1689400,81048880000.0
2026-02-23 10:19:17,48.1,2400,sell,2026-02-23_101917_481000_2400,23/02/2026,IDC,1100.0,1691800,81164320000.0
2026-02-23 10:19:24,48.1,5000,sell,2026-02-23_101924_481000_5000,23/02/2026,IDC,1100.0,1696800,81404820000.0
2026-02-23 10:19:25,48.1,100,sell,2026-02-23_101925_481000_100,23/02/2026,IDC,1100.0,1696900,81409630000.0
2026-02-23 10:19:27,48.1,700,sell,2026-02-23_101927_481000_700,23/02/2026,IDC,1100.0,1697600,81443300000.0
2026-02-23 10:19:48,48.1,800,sell,2026-02-23_101948_481000_800,23/02/2026,IDC,1100.0,1698400,81481780000.0
2026-02-23 10:20:03,48.1,2000,sell,2026-02-23_102003_481000_2000,23/02/2026,IDC,1100.0,1700400,81577980000.0
2026-02-23 10:20:04,48.2,500,buy,2026-02-23_102004_482000_500,23/02/2026,IDC,1200.0,1700900,81602080000.0
2026-02-23 10:20:20,48.2,800,buy,2026-02-23_102020_482000_800,23/02/2026,IDC,1200.0,1701700,81640640000.0
2026-02-23 10:20:30,48.2,3500,buy,2026-02-23_102030_482000_3500,23/02/2026,IDC,1200.0,1705200,81809340000.0
2026-02-23 10:20:33,48.2,2000,buy,2026-02-23_102033_482000_2000,23/02/2026,IDC,1200.0,1707200,81905740000.0
2026-02-23 10:20:35,48.2,2000,buy,2026-02-23_102035_482000_2000,23/02/2026,IDC,1200.0,1709200,82002140000.0
2026-02-23 10:20:38,48.2,6100,buy,2026-02-23_102038_482000_6100,23/02/2026,IDC,1200.0,1715300,82296160000.0
2026-02-23 10:20:39,48.2,4300,buy,2026-02-23_102039_482000_4300,23/02/2026,IDC,1200.0,1719600,82503420000.0
2026-02-23 10:20:45,48.2,300,sell,2026-02-23_102045_482000_300,23/02/2026,IDC,1200.0,1719900,82517880000.0
2026-02-23 10:20:47,48.2,1000,sell,2026-02-23_102047_482000_1000,23/02/2026,IDC,1200.0,1720900,82566080000.0
2026-02-23 10:20:53,48.2,200,sell,2026-02-23_102053_482000_200,23/02/2026,IDC,1200.0,1721100,82575720000.0
2026-02-23 10:20:57,48.2,100,sell,2026-02-23_102057_482000_100,23/02/2026,IDC,1200.0,1721200,82580540000.0
2026-02-23 10:21:18,48.2,100,sell,2026-02-23_102118_482000_100,23/02/2026,IDC,1200.0,1721300,82585360000.0
2026-02-23 10:21:21,48.2,600,sell,2026-02-23_102121_482000_600,23/02/2026,IDC,1200.0,1721900,82614280000.0
2026-02-23 10:21:32,48.2,400,sell,2026-02-23_102132_482000_400,23/02/2026,IDC,1200.0,1722300,82633560000.0
2026-02-23 10:21:33,48.2,100,sell,2026-02-23_102133_482000_100,23/02/2026,IDC,1200.0,1722400,82638380000.0
2026-02-23 10:21:50,48.3,20000,buy,2026-02-23_102150_483000_20000,23/02/2026,IDC,1300.0,1742400,83604380000.0
2026-02-23 10:21:54,48.3,1900,buy,2026-02-23_102154_483000_1900,23/02/2026,IDC,1300.0,1744300,83696150000.0
2026-02-23 10:21:58,48.2,1000,sell,2026-02-23_102158_482000_1000,23/02/2026,IDC,1200.0,1745300,83744350000.0
2026-02-23 10:22:07,48.2,100,sell,2026-02-23_102207_482000_100,23/02/2026,IDC,1200.0,1745400,83749170000.0
2026-02-23 10:22:15,48.3,2000,buy,2026-02-23_102215_483000_2000,23/02/2026,IDC,1300.0,1747400,83845770000.0
2026-02-23 10:22:28,48.3,300,buy,2026-02-23_102228_483000_300,23/02/2026,IDC,1300.0,1747700,83860260000.0
2026-02-23 10:22:33,48.3,200,buy,2026-02-23_102233_483000_200,23/02/2026,IDC,1300.0,1747900,83869920000.0
2026-02-23 10:22:36,48.3,1600,buy,2026-02-23_102236_483000_1600,23/02/2026,IDC,1300.0,1749500,83947200000.0
2026-02-23 10:22:39,48.3,300,buy,2026-02-23_102239_483000_300,23/02/2026,IDC,1300.0,1749800,83961690000.0
2026-02-23 10:22:47,48.3,3800,buy,2026-02-23_102247_483000_3800,23/02/2026,IDC,1300.0,1753600,84145230000.0
2026-02-23 10:22:50,48.2,1000,sell,2026-02-23_102250_482000_1000,23/02/2026,IDC,1200.0,1754600,84193430000.0
2026-02-23 10:22:51,48.3,1300,buy,2026-02-23_102251_483000_1300,23/02/2026,IDC,1300.0,1755900,84256220000.0
2026-02-23 10:22:52,48.3,100,buy,2026-02-23_102252_483000_100,23/02/2026,IDC,1300.0,1756000,84261050000.0
2026-02-23 10:22:57,48.3,1000,buy,2026-02-23_102257_483000_1000,23/02/2026,IDC,1300.0,1757000,84309350000.0
2026-02-23 10:22:58,48.3,700,buy,2026-02-23_102258_483000_700,23/02/2026,IDC,1300.0,1757700,84343160000.0
2026-02-23 10:22:58,48.3,1500,sell,2026-02-23_102258_483000_1500,23/02/2026,IDC,1300.0,1759200,84415610000.0
2026-02-23 10:23:00,48.3,4800,sell,2026-02-23_102300_483000_4800,23/02/2026,IDC,1300.0,1764000,84647450000.0
2026-02-23 10:23:05,48.3,200,buy,2026-02-23_102305_483000_200,23/02/2026,IDC,1300.0,1764200,84657110000.0
2026-02-23 10:23:07,48.3,600,sell,2026-02-23_102307_483000_600,23/02/2026,IDC,1300.0,1764800,84686090000.0
2026-02-23 10:23:12,48.3,200,buy,2026-02-23_102312_483000_200,23/02/2026,IDC,1300.0,1765000,84695750000.0
2026-02-23 10:23:18,48.3,600,sell,2026-02-23_102318_483000_600,23/02/2026,IDC,1300.0,1765600,84724730000.0
2026-02-23 10:23:24,48.3,500,sell,2026-02-23_102324_483000_500,23/02/2026,IDC,1300.0,1766100,84748880000.0
2026-02-23 10:23:27,48.3,500,sell,2026-02-23_102327_483000_500,23/02/2026,IDC,1300.0,1766600,84773030000.0
2026-02-23 10:23:27,48.3,100,sell,2026-02-23_102327_483000_100,23/02/2026,IDC,1300.0,1766700,84777860000.0
2026-02-23 10:24:03,48.4,500,buy,2026-02-23_102403_484000_500,23/02/2026,IDC,1400.0,1767200,84802060000.0
2026-02-23 10:24:24,48.4,5000,buy,2026-02-23_102424_484000_5000,23/02/2026,IDC,1400.0,1772200,85044060000.0
2026-02-23 10:24:28,48.4,300,buy,2026-02-23_102428_484000_300,23/02/2026,IDC,1400.0,1772500,85058580000.0
2026-02-23 10:24:33,48.3,100,sell,2026-02-23_102433_483000_100,23/02/2026,IDC,1300.0,1772600,85063410000.0
2026-02-23 10:24:37,48.4,2500,buy,2026-02-23_102437_484000_2500,23/02/2026,IDC,1400.0,1775100,85184410000.0
2026-02-23 10:24:59,48.4,10000,buy,2026-02-23_102459_484000_10000,23/02/2026,IDC,1400.0,1785100,85668410000.0
2026-02-23 10:25:05,48.3,200,sell,2026-02-23_102505_483000_200,23/02/2026,IDC,1300.0,1785300,85678070000.0
2026-02-23 10:25:07,48.3,1000,sell,2026-02-23_102507_483000_1000,23/02/2026,IDC,1300.0,1786300,85726370000.0
2026-02-23 10:25:17,48.3,100,sell,2026-02-23_102517_483000_100,23/02/2026,IDC,1300.0,1786400,85731200000.0
2026-02-23 10:25:21,48.4,4300,buy,2026-02-23_102521_484000_4300,23/02/2026,IDC,1400.0,1790700,85939320000.0
2026-02-23 10:25:23,48.4,1000,sell,2026-02-23_102523_484000_1000,23/02/2026,IDC,1400.0,1791700,85987720000.0
2026-02-23 10:25:27,48.4,500,sell,2026-02-23_102527_484000_500,23/02/2026,IDC,1400.0,1792200,86011920000.0
2026-02-23 10:25:42,48.4,500,sell,2026-02-23_102542_484000_500,23/02/2026,IDC,1400.0,1792700,86036120000.0
2026-02-23 10:25:42,48.5,5000,buy,2026-02-23_102542_485000_5000,23/02/2026,IDC,1500.0,1797700,86278620000.0
2026-02-23 10:25:45,48.5,10000,buy,2026-02-23_102545_485000_10000,23/02/2026,IDC,1500.0,1807700,86763620000.0
2026-02-23 10:25:55,48.4,1000,sell,2026-02-23_102555_484000_1000,23/02/2026,IDC,1400.0,1808700,86812020000.0
2026-02-23 10:25:57,48.4,100,sell,2026-02-23_102557_484000_100,23/02/2026,IDC,1400.0,1808800,86816860000.0
2026-02-23 10:26:00,48.4,12600,sell,2026-02-23_102600_484000_12600,23/02/2026,IDC,1400.0,1821400,87426700000.0
2026-02-23 10:26:01,48.4,900,sell,2026-02-23_102601_484000_900,23/02/2026,IDC,1400.0,1822300,87470260000.0
2026-02-23 10:26:07,48.4,1000,sell,2026-02-23_102607_484000_1000,23/02/2026,IDC,1400.0,1823300,87518660000.0
2026-02-23 10:26:07,48.4,500,buy,2026-02-23_102607_484000_500,23/02/2026,IDC,1400.0,1823800,87542860000.0
2026-02-23 10:26:17,48.4,33000,sell,2026-02-23_102617_484000_33000,23/02/2026,IDC,1400.0,1873000,89924140000.0
2026-02-23 10:26:17,48.4,1600,sell,2026-02-23_102617_484000_1600,23/02/2026,IDC,1400.0,1840000,88326940000.0
2026-02-23 10:26:17,48.4,14600,buy,2026-02-23_102617_484000_14600,23/02/2026,IDC,1400.0,1838400,88249500000.0
2026-02-23 10:26:19,48.3,1000,sell,2026-02-23_102619_483000_1000,23/02/2026,IDC,1300.0,1874000,89972440000.0
2026-02-23 10:26:27,48.3,2200,sell,2026-02-23_102627_483000_2200,23/02/2026,IDC,1300.0,1877500,90141620000.0
2026-02-23 10:26:27,48.4,1300,sell,2026-02-23_102627_484000_1300,23/02/2026,IDC,1400.0,1875300,90035360000.0
2026-02-23 10:26:31,48.4,4700,buy,2026-02-23_102631_484000_4700,23/02/2026,IDC,1400.0,1882200,90369100000.0
2026-02-23 10:26:32,48.4,200,sell,2026-02-23_102632_484000_200,23/02/2026,IDC,1400.0,1882400,90378780000.0
2026-02-23 10:26:35,48.4,300,buy,2026-02-23_102635_484000_300,23/02/2026,IDC,1400.0,1882700,90393300000.0
2026-02-23 10:26:38,48.4,500,buy,2026-02-23_102638_484000_500,23/02/2026,IDC,1400.0,1883200,90417500000.0
2026-02-23 10:26:39,48.4,5000,buy,2026-02-23_102639_484000_5000,23/02/2026,IDC,1400.0,1888200,90659500000.0
2026-02-23 10:26:45,48.4,5000,sell,2026-02-23_102645_484000_5000,23/02/2026,IDC,1400.0,1893200,90901500000.0
2026-02-23 10:26:52,48.4,2000,buy,2026-02-23_102652_484000_2000,23/02/2026,IDC,1400.0,1895200,90998300000.0
2026-02-23 10:27:02,48.4,5600,buy,2026-02-23_102702_484000_5600,23/02/2026,IDC,1400.0,1900800,91269340000.0
2026-02-23 10:27:05,48.4,1500,buy,2026-02-23_102705_484000_1500,23/02/2026,IDC,1400.0,1902300,91341940000.0
2026-02-23 10:27:08,48.4,2800,buy,2026-02-23_102708_484000_2800,23/02/2026,IDC,1400.0,1905100,91477460000.0
2026-02-23 10:27:19,48.4,1700,buy,2026-02-23_102719_484000_1700,23/02/2026,IDC,1400.0,1906800,91559740000.0
2026-02-23 10:27:25,48.4,5000,buy,2026-02-23_102725_484000_5000,23/02/2026,IDC,1400.0,1911800,91801740000.0
2026-02-23 10:27:28,48.3,1000,sell,2026-02-23_102728_483000_1000,23/02/2026,IDC,1300.0,1912800,91850040000.0
2026-02-23 10:27:30,48.4,2500,buy,2026-02-23_102730_484000_2500,23/02/2026,IDC,1400.0,1915300,91971040000.0
2026-02-23 10:27:47,48.4,500,buy,2026-02-23_102747_484000_500,23/02/2026,IDC,1400.0,1915800,91995240000.0
2026-02-23 10:27:54,48.4,400,buy,2026-02-23_102754_484000_400,23/02/2026,IDC,1400.0,1916200,92014600000.0
2026-02-23 10:27:57,48.4,2000,buy,2026-02-23_102757_484000_2000,23/02/2026,IDC,1400.0,1918200,92111400000.0
2026-02-23 10:28:03,48.4,2000,buy,2026-02-23_102803_484000_2000,23/02/2026,IDC,1400.0,1920200,92208200000.0
2026-02-23 10:28:09,48.4,1500,buy,2026-02-23_102809_484000_1500,23/02/2026,IDC,1400.0,1921700,92280800000.0
2026-02-23 10:28:12,48.3,200,sell,2026-02-23_102812_483000_200,23/02/2026,IDC,1300.0,1921900,92290460000.0
2026-02-23 10:28:14,48.4,500,buy,2026-02-23_102814_484000_500,23/02/2026,IDC,1400.0,1922400,92314660000.0
2026-02-23 10:28:20,48.4,500,buy,2026-02-23_102820_484000_500,23/02/2026,IDC,1400.0,1922900,92338860000.0
2026-02-23 10:28:24,48.4,100,buy,2026-02-23_102824_484000_100,23/02/2026,IDC,1400.0,1923000,92343700000.0
2026-02-23 10:28:30,48.4,300,buy,2026-02-23_102830_484000_300,23/02/2026,IDC,1400.0,1923300,92358220000.0
2026-02-23 10:29:11,48.4,500,buy,2026-02-23_102911_484000_500,23/02/2026,IDC,1400.0,1923800,92382420000.0
2026-02-23 10:29:15,48.3,8000,sell,2026-02-23_102915_483000_8000,23/02/2026,IDC,1300.0,1931800,92768820000.0
2026-02-23 10:29:15,48.3,12700,sell,2026-02-23_102915_483000_12700,23/02/2026,IDC,1300.0,1944500,93382230000.0
2026-02-23 10:29:23,48.2,1000,sell,2026-02-23_102923_482000_1000,23/02/2026,IDC,1200.0,1945500,93430430000.0
2026-02-23 10:29:27,48.2,100,sell,2026-02-23_102927_482000_100,23/02/2026,IDC,1200.0,1945600,93435250000.0
2026-02-23 10:29:30,48.3,200,buy,2026-02-23_102930_483000_200,23/02/2026,IDC,1300.0,1945800,93444910000.0
2026-02-23 10:29:36,48.3,800,buy,2026-02-23_102936_483000_800,23/02/2026,IDC,1300.0,1946600,93483550000.0
2026-02-23 10:29:39,48.2,1000,sell,2026-02-23_102939_482000_1000,23/02/2026,IDC,1200.0,1947600,93531750000.0
2026-02-23 10:29:44,48.3,800,buy,2026-02-23_102944_483000_800,23/02/2026,IDC,1300.0,1948400,93570390000.0
2026-02-23 10:29:59,48.2,500,sell,2026-02-23_102959_482000_500,23/02/2026,IDC,1200.0,1948900,93594490000.0
2026-02-23 10:30:20,48.2,200,sell,2026-02-23_103020_482000_200,23/02/2026,IDC,1200.0,1949100,93604130000.0
2026-02-23 10:30:21,48.3,1500,buy,2026-02-23_103021_483000_1500,23/02/2026,IDC,1300.0,1950600,93676580000.0
2026-02-23 10:30:27,48.3,500,buy,2026-02-23_103027_483000_500,23/02/2026,IDC,1300.0,1951100,93700730000.0
2026-02-23 10:30:33,48.3,200,buy,2026-02-23_103033_483000_200,23/02/2026,IDC,1300.0,1951300,93710390000.0
2026-02-23 10:31:03,48.3,100,buy,2026-02-23_103103_483000_100,23/02/2026,IDC,1300.0,1951400,93715220000.0
2026-02-23 10:31:11,48.2,1000,sell,2026-02-23_103111_482000_1000,23/02/2026,IDC,1200.0,1952400,93763420000.0
2026-02-23 10:31:17,48.2,100,sell,2026-02-23_103117_482000_100,23/02/2026,IDC,1200.0,1952500,93768240000.0
2026-02-23 10:31:24,48.2,10000,sell,2026-02-23_103124_482000_10000,23/02/2026,IDC,1200.0,1962500,94250240000.0
2026-02-23 10:31:27,48.2,6000,sell,2026-02-23_103127_482000_6000,23/02/2026,IDC,1200.0,1968500,94539440000.0
2026-02-23 10:31:37,48.2,500,sell,2026-02-23_103137_482000_500,23/02/2026,IDC,1200.0,1969000,94563540000.0
2026-02-23 10:31:49,48.2,500,buy,2026-02-23_103149_482000_500,23/02/2026,IDC,1200.0,1969500,94587640000.0
2026-02-23 10:32:01,48.2,400,buy,2026-02-23_103201_482000_400,23/02/2026,IDC,1200.0,1969900,94606920000.0
2026-02-23 10:32:24,48.2,100,buy,2026-02-23_103224_482000_100,23/02/2026,IDC,1200.0,1970000,94611740000.0
2026-02-23 10:32:35,48.1,100,sell,2026-02-23_103235_481000_100,23/02/2026,IDC,1100.0,1970100,94616550000.0
2026-02-23 10:32:40,48.1,2000,sell,2026-02-23_103240_481000_2000,23/02/2026,IDC,1100.0,1972100,94712750000.0
2026-02-23 10:32:47,48.1,200,sell,2026-02-23_103247_481000_200,23/02/2026,IDC,1100.0,1972300,94722370000.0
2026-02-23 10:32:51,48.1,1200,sell,2026-02-23_103251_481000_1200,23/02/2026,IDC,1100.0,1973500,94780090000.0
2026-02-23 10:32:57,48.1,100,sell,2026-02-23_103257_481000_100,23/02/2026,IDC,1100.0,1973600,94784900000.0
2026-02-23 10:33:01,48.1,900,sell,2026-02-23_103301_481000_900,23/02/2026,IDC,1100.0,1974500,94828190000.0
2026-02-23 10:33:07,48.1,100,sell,2026-02-23_103307_481000_100,23/02/2026,IDC,1100.0,1974600,94833000000.0
2026-02-23 10:33:12,48.1,1000,sell,2026-02-23_103312_481000_1000,23/02/2026,IDC,1100.0,1975600,94881100000.0
2026-02-23 10:33:16,48.2,100,buy,2026-02-23_103316_482000_100,23/02/2026,IDC,1200.0,1975700,94885920000.0
2026-02-23 10:33:23,48.1,100,sell,2026-02-23_103323_481000_100,23/02/2026,IDC,1100.0,1975800,94890730000.0
2026-02-23 10:33:32,48.1,1000,sell,2026-02-23_103332_481000_1000,23/02/2026,IDC,1100.0,1976800,94938830000.0
2026-02-23 10:33:37,48.1,100,sell,2026-02-23_103337_481000_100,23/02/2026,IDC,1100.0,1976900,94943640000.0
2026-02-23 10:34:11,48.1,22900,sell,2026-02-23_103411_481000_22900,23/02/2026,IDC,1100.0,1999900,96049940000.0
2026-02-23 10:34:11,48.1,100,sell,2026-02-23_103411_481000_100,23/02/2026,IDC,1100.0,1977000,94948450000.0
2026-02-23 10:34:40,48.1,1100,buy,2026-02-23_103440_481000_1100,23/02/2026,IDC,1100.0,2001000,96102850000.0
2026-02-23 10:34:47,48.1,2200,buy,2026-02-23_103447_481000_2200,23/02/2026,IDC,1100.0,2003200,96208670000.0
2026-02-23 10:34:59,48.0,100,sell,2026-02-23_103459_480000_100,23/02/2026,IDC,1000.0,2003300,96213470000.0
2026-02-23 10:35:17,48.0,5000,sell,2026-02-23_103517_480000_5000,23/02/2026,IDC,1000.0,2008300,96453470000.0
2026-02-23 10:35:21,48.0,1300,sell,2026-02-23_103521_480000_1300,23/02/2026,IDC,1000.0,2009600,96515870000.0
2026-02-23 10:35:27,48.0,600,sell,2026-02-23_103527_480000_600,23/02/2026,IDC,1000.0,2010200,96544670000.0
2026-02-23 10:35:33,48.0,2000,sell,2026-02-23_103533_480000_2000,23/02/2026,IDC,1000.0,2012200,96640670000.0
2026-02-23 10:35:37,48.0,200,sell,2026-02-23_103537_480000_200,23/02/2026,IDC,1000.0,2012400,96650270000.0
2026-02-23 10:35:38,48.0,2000,sell,2026-02-23_103538_480000_2000,23/02/2026,IDC,1000.0,2014400,96746270000.0
2026-02-23 10:35:41,48.0,100,sell,2026-02-23_103541_480000_100,23/02/2026,IDC,1000.0,2014500,96751070000.0
2026-02-23 10:35:47,48.0,200,sell,2026-02-23_103547_480000_200,23/02/2026,IDC,1000.0,2014800,96765470000.0
2026-02-23 10:35:47,48.0,100,sell,2026-02-23_103547_480000_100,23/02/2026,IDC,1000.0,2014600,96755870000.0
2026-02-23 10:35:57,48.1,100,buy,2026-02-23_103557_481000_100,23/02/2026,IDC,1100.0,2014900,96770280000.0
2026-02-23 10:36:35,48.0,100,sell,2026-02-23_103635_480000_100,23/02/2026,IDC,1000.0,2015000,96775080000.0
2026-02-23 10:36:43,48.1,100,buy,2026-02-23_103643_481000_100,23/02/2026,IDC,1100.0,2015100,96779890000.0
2026-02-23 10:36:44,48.1,100,buy,2026-02-23_103644_481000_100,23/02/2026,IDC,1100.0,2015200,96784700000.0
2026-02-23 10:36:45,48.0,400,sell,2026-02-23_103645_480000_400,23/02/2026,IDC,1000.0,2015600,96803900000.0
2026-02-23 10:36:49,48.1,100,buy,2026-02-23_103649_481000_100,23/02/2026,IDC,1100.0,2015700,96808710000.0
2026-02-23 10:37:04,48.1,2100,buy,2026-02-23_103704_481000_2100,23/02/2026,IDC,1100.0,2017800,96909720000.0
2026-02-23 10:37:06,48.1,1000,buy,2026-02-23_103706_481000_1000,23/02/2026,IDC,1100.0,2018800,96957820000.0
2026-02-23 10:37:08,48.1,100,buy,2026-02-23_103708_481000_100,23/02/2026,IDC,1100.0,2018900,96962630000.0
2026-02-23 10:37:09,48.1,100,buy,2026-02-23_103709_481000_100,23/02/2026,IDC,1100.0,2019000,96967440000.0
2026-02-23 10:37:14,48.1,400,buy,2026-02-23_103714_481000_400,23/02/2026,IDC,1100.0,2019400,96986680000.0
2026-02-23 10:37:22,48.1,100,sell,2026-02-23_103722_481000_100,23/02/2026,IDC,1100.0,2019500,96991490000.0
2026-02-23 10:37:39,48.1,100,sell,2026-02-23_103739_481000_100,23/02/2026,IDC,1100.0,2019600,96996300000.0
2026-02-23 10:37:56,48.0,300,sell,2026-02-23_103756_480000_300,23/02/2026,IDC,1000.0,2022600,97140570000.0
2026-02-23 10:37:56,48.1,2700,sell,2026-02-23_103756_481000_2700,23/02/2026,IDC,1100.0,2022300,97126170000.0
2026-02-23 10:37:57,48.0,300,sell,2026-02-23_103757_480000_300,23/02/2026,IDC,1000.0,2022900,97154970000.0
2026-02-23 10:38:04,48.1,500,buy,2026-02-23_103804_481000_500,23/02/2026,IDC,1100.0,2023400,97179020000.0
