time,price,volume,match_type,id,trading_date,symbol,price_change,accumulated_volume,accumulated_value
2026-02-23 10:38:37,92.2,10000,buy,2026-02-23_103837_922000_10000,23/02/2026,MWG,-600.0,1387500,128118780000.0
2026-02-23 10:38:53,92.1,300,sell,2026-02-23_103853_921000_300,23/02/2026,MWG,-700.0,1387800,128146410000.0
2026-02-23 10:39:02,92.2,100,buy,2026-02-23_103902_922000_100,23/02/2026,MWG,-600.0,1387900,128155630000.0
2026-02-23 10:39:04,92.1,800,sell,2026-02-23_103904_921000_800,23/02/2026,MWG,-700.0,1388700,128229310000.0
2026-02-23 10:39:04,92.2,100,buy,2026-02-23_103904_922000_100,23/02/2026,MWG,-600.0,1388800,128238530000.0
2026-02-23 10:39:11,92.1,400,sell,2026-02-23_103911_921000_400,23/02/2026,MWG,-700.0,1389200,128275370000.0
2026-02-23 10:39:23,92.1,900,sell,2026-02-23_103923_921000_900,23/02/2026,MWG,-700.0,1390100,128358260000.0
2026-02-23 10:39:24,92.1,1000,sell,2026-02-23_103924_921000_1000,23/02/2026,MWG,-700.0,1391100,128450360000.0
2026-02-23 10:39:29,92.2,200,buy,2026-02-23_103929_922000_200,23/02/2026,MWG,-600.0,1391300,128468800000.0
2026-02-23 10:39:45,92.2,5000,buy,2026-02-23_103945_922000_5000,23/02/2026,MWG,-600.0,1396300,128929800000.0
2026-02-23 10:39:48,92.2,100,buy,2026-02-23_103948_922000_100,23/02/2026,MWG,-600.0,1396400,128939020000.0
2026-02-23 10:39:56,92.2,5000,buy,2026-02-23_103956_922000_5000,23/02/2026,MWG,-600.0,1401400,129400020000.0
2026-02-23 10:40:01,92.2,500,buy,2026-02-23_104001_922000_500,23/02/2026,MWG,-600.0,1401900,129446120000.0
2026-02-23 10:40:03,92.2,300,buy,2026-02-23_104003_922000_300,23/02/2026,MWG,-600.0,1402200,129473780000.0
2026-02-23 10:40:04,92.2,10000,buy,2026-02-23_104004_922000_10000,23/02/2026,MWG,-600.0,1412200,130395780000.0
2026-02-23 10:40:05,92.2,4800,buy,2026-02-23_104005_922000_4800,23/02/2026,MWG,-600.0,1417000,130838340000.0
2026-02-23 10:40:11,92.2,900,sell,2026-02-23_104011_922000_900,23/02/2026,MWG,-600.0,1417900,130921320000.0
2026-02-23 10:40:12,92.3,400,buy,2026-02-23_104012_923000_400,23/02/2026,MWG,-500.0,1418300,130958240000.0
2026-02-23 10:40:25,92.3,3000,buy,2026-02-23_104025_923000_3000,23/02/2026,MWG,-500.0,1421300,131235140000.0
2026-02-23 10:40:28,92.3,100,buy,2026-02-23_104028_923000_100,23/02/2026,MWG,-500.0,1421400,131244370000.0
2026-02-23 10:40:35,92.2,200,sell,2026-02-23_104035_922000_200,23/02/2026,MWG,-600.0,1421600,131262810000.0
2026-02-23 10:40:43,92.2,900,sell,2026-02-23_104043_922000_900,23/02/2026,MWG,-600.0,1422500,131345790000.0
2026-02-23 10:40:59,92.2,900,sell,2026-02-23_104059_922000_900,23/02/2026,MWG,-600.0,1423400,131428770000.0
2026-02-23 10:41:05,92.2,400,sell,2026-02-23_104105_922000_400,23/02/2026,MWG,-600.0,1423800,131465650000.0
2026-02-23 10:41:13,92.3,100,buy,2026-02-23_104113_923000_100,23/02/2026,MWG,-500.0,1423900,131474880000.0
2026-02-23 10:41:17,92.2,2000,sell,2026-02-23_104117_922000_2000,23/02/2026,MWG,-600.0,1425900,131659280000.0
2026-02-23 10:41:31,92.2,900,sell,2026-02-23_104131_922000_900,23/02/2026,MWG,-600.0,1426800,131742260000.0
2026-02-23 10:41:47,92.2,900,sell,2026-02-23_104147_922000_900,23/02/2026,MWG,-600.0,1427700,131825240000.0
2026-02-23 10:41:49,92.2,100,sell,2026-02-23_104149_922000_100,23/02/2026,MWG,-600.0,1427800,131834460000.0
2026-02-23 10:41:52,92.2,700,sell,2026-02-23_104152_922000_700,23/02/2026,MWG,-600.0,1428500,131899000000.0
2026-02-23 10:42:03,92.2,1000,sell,2026-02-23_104203_922000_1000,23/02/2026,MWG,-600.0,1429500,131991200000.0
2026-02-23 10:42:12,92.2,1000,sell,2026-02-23_104212_922000_1000,23/02/2026,MWG,-600.0,1430500,132083400000.0
2026-02-23 10:42:14,92.2,300,sell,2026-02-23_104214_922000_300,23/02/2026,MWG,-600.0,1430800,132111060000.0
2026-02-23 10:42:18,92.2,900,sell,2026-02-23_104218_922000_900,23/02/2026,MWG,-600.0,1431700,132194040000.0
2026-02-23 10:42:22,92.2,300,sell,2026-02-23_104222_922000_300,23/02/2026,MWG,-600.0,1432000,132221700000.0
2026-02-23 10:42:34,92.2,900,sell,2026-02-23_104234_922000_900,23/02/2026,MWG,-600.0,1432900,132304680000.0
2026-02-23 10:42:45,92.2,900,sell,2026-02-23_104245_922000_900,23/02/2026,MWG,-600.0,1433800,132387660000.0
2026-02-23 10:42:50,92.2,1000,sell,2026-02-23_104250_922000_1000,23/02/2026,MWG,-600.0,1434800,132479860000.0
2026-02-23 10:43:00,92.2,800,sell,2026-02-23_104300_922000_800,23/02/2026,MWG,-600.0,1435600,132553620000.0
2026-02-23 10:43:06,92.2,900,sell,2026-02-23_104306_922000_900,23/02/2026,MWG,-600.0,1436500,132636600000.0
2026-02-23 10:43:10,92.2,400,sell,2026-02-23_104310_922000_400,23/02/2026,MWG,-600.0,1436900,132673480000.0
2026-02-23 10:43:16,92.2,2000,sell,2026-02-23_104316_922000_2000,23/02/2026,MWG,-600.0,1438900,132857880000.0
2026-02-23 10:43:22,92.2,900,sell,2026-02-23_104322_922000_900,23/02/2026,MWG,-600.0,1439800,132940860000.0
2026-02-23 10:43:35,92.3,100,buy,2026-02-23_104335_923000_100,23/02/2026,MWG,-500.0,1439900,132950090000.0
2026-02-23 10:43:50,92.2,100,sell,2026-02-23_104350_922000_100,23/02/2026,MWG,-600.0,1440000,132959310000.0
2026-02-23 10:43:54,92.2,900,sell,2026-02-23_104354_922000_900,23/02/2026,MWG,-600.0,1440900,133042290000.0
2026-02-23 10:44:02,92.2,300,sell,2026-02-23_104402_922000_300,23/02/2026,MWG,-600.0,1441200,133069950000.0
2026-02-23 10:44:07,92.1,1900,sell,2026-02-23_104407_921000_1900,23/02/2026,MWG,-700.0,1443200,133254160000.0
2026-02-23 10:44:07,92.2,100,sell,2026-02-23_104407_922000_100,23/02/2026,MWG,-600.0,1441300,133079170000.0
2026-02-23 10:44:10,92.2,100,sell,2026-02-23_104410_922000_100,23/02/2026,MWG,-600.0,1443300,133263380000.0
2026-02-23 10:44:10,92.1,800,sell,2026-02-23_104410_921000_800,23/02/2026,MWG,-700.0,1444100,133337060000.0
2026-02-23 10:44:12,92.1,2000,sell,2026-02-23_104412_921000_2000,23/02/2026,MWG,-700.0,1446100,133521260000.0
2026-02-23 10:44:13,92.1,2000,sell,2026-02-23_104413_921000_2000,23/02/2026,MWG,-700.0,1448100,133705460000.0
2026-02-23 10:44:19,92.2,1300,sell,2026-02-23_104419_922000_1300,23/02/2026,MWG,-600.0,1449400,133825320000.0
2026-02-23 10:44:21,92.2,1200,buy,2026-02-23_104421_922000_1200,23/02/2026,MWG,-600.0,1450600,133935960000.0
2026-02-23 10:44:38,92.2,400,buy,2026-02-23_104438_922000_400,23/02/2026,MWG,-600.0,1451000,133972840000.0
2026-02-23 10:44:42,92.2,200,buy,2026-02-23_104442_922000_200,23/02/2026,MWG,-600.0,1451200,133991280000.0
2026-02-23 10:44:48,92.1,800,sell,2026-02-23_104448_921000_800,23/02/2026,MWG,-700.0,1452000,134064960000.0
2026-02-23 10:44:56,92.1,1000,sell,2026-02-23_104456_921000_1000,23/02/2026,MWG,-700.0,1453000,134157060000.0
2026-02-23 10:44:57,92.1,900,sell,2026-02-23_104457_921000_900,23/02/2026,MWG,-700.0,1453900,134239950000.0
2026-02-23 10:44:58,92.1,400,sell,2026-02-23_104458_921000_400,23/02/2026,MWG,-700.0,1454300,134276790000.0
2026-02-23 10:44:59,92.2,5000,buy,2026-02-23_104459_922000_5000,23/02/2026,MWG,-600.0,1459300,134737790000.0
2026-02-23 10:45:36,92.2,2400,buy,2026-02-23_104536_922000_2400,23/02/2026,MWG,-600.0,1461700,134959070000.0
2026-02-23 10:45:46,92.2,900,sell,2026-02-23_104546_922000_900,23/02/2026,MWG,-600.0,1462600,135042050000.0
2026-02-23 10:45:50,92.2,300,sell,2026-02-23_104550_922000_300,23/02/2026,MWG,-600.0,1462900,135069710000.0
2026-02-23 10:45:50,92.2,400,sell,2026-02-23_104550_922000_400,23/02/2026,MWG,-600.0,1463300,135106590000.0
2026-02-23 10:46:02,92.2,400,sell,2026-02-23_104602_922000_400,23/02/2026,MWG,-600.0,1464600,135226450000.0
2026-02-23 10:46:02,92.2,900,sell,2026-02-23_104602_922000_900,23/02/2026,MWG,-600.0,1464200,135189570000.0
2026-02-23 10:46:14,92.2,300,sell,2026-02-23_104614_922000_300,23/02/2026,MWG,-600.0,1464900,135254110000.0
2026-02-23 10:46:22,92.2,500,buy,2026-02-23_104622_922000_500,23/02/2026,MWG,-600.0,1465400,135300210000.0
2026-02-23 10:46:25,92.2,300,buy,2026-02-23_104625_922000_300,23/02/2026,MWG,-600.0,1465700,135327870000.0
2026-02-23 10:46:44,92.2,600,buy,2026-02-23_104644_922000_600,23/02/2026,MWG,-600.0,1466300,135383190000.0
2026-02-23 10:47:06,92.1,2000,sell,2026-02-23_104706_921000_2000,23/02/2026,MWG,-700.0,1468300,135567390000.0
2026-02-23 10:47:18,92.2,1000,buy,2026-02-23_104718_922000_1000,23/02/2026,MWG,-600.0,1469300,135659590000.0
2026-02-23 10:47:30,92.2,1000,buy,2026-02-23_104730_922000_1000,23/02/2026,MWG,-600.0,1470300,135751790000.0
2026-02-23 10:47:37,92.2,100,buy,2026-02-23_104737_922000_100,23/02/2026,MWG,-600.0,1470400,135761010000.0
2026-02-23 10:47:38,92.1,300,sell,2026-02-23_104738_921000_300,23/02/2026,MWG,-700.0,1470700,135788640000.0
2026-02-23 10:47:42,92.2,200,buy,2026-02-23_104742_922000_200,23/02/2026,MWG,-600.0,1470900,135807080000.0
2026-02-23 10:47:43,92.1,1000,sell,2026-02-23_104743_921000_1000,23/02/2026,MWG,-700.0,1471900,135899180000.0
2026-02-23 10:47:50,92.2,100,buy,2026-02-23_104750_922000_100,23/02/2026,MWG,-600.0,1472000,135908400000.0
2026-02-23 10:47:51,92.1,1000,sell,2026-02-23_104751_921000_1000,23/02/2026,MWG,-700.0,1473000,136000500000.0
2026-02-23 10:47:54,92.1,1000,sell,2026-02-23_104754_921000_1000,23/02/2026,MWG,-700.0,1474000,136092600000.0
2026-02-23 10:48:10,92.1,900,sell,2026-02-23_104810_921000_900,23/02/2026,MWG,-700.0,1474900,136175490000.0
2026-02-23 10:48:26,92.1,900,sell,2026-02-23_104826_921000_900,23/02/2026,MWG,-700.0,1475800,136258380000.0
2026-02-23 10:48:37,92.2,100,buy,2026-02-23_104837_922000_100,23/02/2026,MWG,-600.0,1475900,136267600000.0
2026-02-23 10:48:39,92.1,600,sell,2026-02-23_104839_921000_600,23/02/2026,MWG,-700.0,1476500,136322860000.0
2026-02-23 10:48:42,92.1,1000,sell,2026-02-23_104842_921000_1000,23/02/2026,MWG,-700.0,1477500,136414960000.0
2026-02-23 10:48:47,92.2,200,buy,2026-02-23_104847_922000_200,23/02/2026,MWG,-600.0,1477700,136433400000.0
2026-02-23 10:48:55,92.1,200,sell,2026-02-23_104855_921000_200,23/02/2026,MWG,-700.0,1477900,136451820000.0
2026-02-23 10:48:58,92.1,900,sell,2026-02-23_104858_921000_900,23/02/2026,MWG,-700.0,1478800,136534710000.0
2026-02-23 10:49:14,92.1,900,sell,2026-02-23_104914_921000_900,23/02/2026,MWG,-700.0,1479700,136617600000.0
2026-02-23 10:49:18,92.1,300,sell,2026-02-23_104918_921000_300,23/02/2026,MWG,-700.0,1480000,136645230000.0
2026-02-23 10:49:26,92.1,300,sell,2026-02-23_104926_921000_300,23/02/2026,MWG,-700.0,1480300,136672860000.0
2026-02-23 10:49:28,92.1,1000,sell,2026-02-23_104928_921000_1000,23/02/2026,MWG,-700.0,1481300,136764960000.0
2026-02-23 10:49:44,92.1,900,sell,2026-02-23_104944_921000_900,23/02/2026,MWG,-700.0,1482200,136847850000.0
2026-02-23 10:49:55,92.1,100,sell,2026-02-23_104955_921000_100,23/02/2026,MWG,-700.0,1482300,136857060000.0
2026-02-23 10:50:00,92.1,2900,sell,2026-02-23_105000_921000_2900,23/02/2026,MWG,-700.0,1485200,137124150000.0
2026-02-23 10:50:01,92.2,500,buy,2026-02-23_105001_922000_500,23/02/2026,MWG,-600.0,1485800,137179470000.0
2026-02-23 10:50:01,92.2,100,buy,2026-02-23_105001_922000_100,23/02/2026,MWG,-600.0,1485300,137133370000.0
2026-02-23 10:50:13,92.2,100,buy,2026-02-23_105013_922000_100,23/02/2026,MWG,-600.0,1485900,137188690000.0
2026-02-23 10:50:27,92.1,800,sell,2026-02-23_105027_921000_800,23/02/2026,MWG,-700.0,1486700,137262370000.0
2026-02-23 10:50:29,92.1,1000,sell,2026-02-23_105029_921000_1000,23/02/2026,MWG,-700.0,1487700,137354470000.0
2026-02-23 10:50:33,92.1,900,sell,2026-02-23_105033_921000_900,23/02/2026,MWG,-700.0,1488600,137437360000.0
2026-02-23 10:50:43,92.2,100,buy,2026-02-23_105043_922000_100,23/02/2026,MWG,-600.0,1488700,137446580000.0
2026-02-23 10:50:44,92.1,500,sell,2026-02-23_105044_921000_500,23/02/2026,MWG,-700.0,1489200,137492630000.0
2026-02-23 10:50:49,92.1,900,sell,2026-02-23_105049_921000_900,23/02/2026,MWG,-700.0,1490100,137575520000.0
2026-02-23 10:51:04,92.1,200,sell,2026-02-23_105104_921000_200,23/02/2026,MWG,-700.0,1490300,137593940000.0
2026-02-23 10:51:05,92.1,1000,sell,2026-02-23_105105_921000_1000,23/02/2026,MWG,-700.0,1491300,137686040000.0
2026-02-23 10:51:10,92.1,1000,sell,2026-02-23_105110_921000_1000,23/02/2026,MWG,-700.0,1492300,137778140000.0
2026-02-23 10:51:14,92.1,300,sell,2026-02-23_105114_921000_300,23/02/2026,MWG,-700.0,1492600,137805770000.0
2026-02-23 10:51:21,92.1,900,sell,2026-02-23_105121_921000_900,23/02/2026,MWG,-700.0,1493500,137888660000.0
2026-02-23 10:51:23,92.1,4400,sell,2026-02-23_105123_921000_4400,23/02/2026,MWG,-700.0,1497900,138293900000.0
2026-02-23 10:51:29,92.1,200,sell,2026-02-23_105129_921000_200,23/02/2026,MWG,-700.0,1498100,138312320000.0
2026-02-23 10:51:37,92.1,1100,sell,2026-02-23_105137_921000_1100,23/02/2026,MWG,-700.0,1499200,138413630000.0
2026-02-23 10:51:53,92.1,1000,sell,2026-02-23_105153_921000_1000,23/02/2026,MWG,-700.0,1500200,138505730000.0
2026-02-23 10:52:09,92.1,900,sell,2026-02-23_105209_921000_900,23/02/2026,MWG,-700.0,1501100,138588620000.0
2026-02-23 10:52:14,92.1,800,sell,2026-02-23_105214_921000_800,23/02/2026,MWG,-700.0,1501900,138662300000.0
2026-02-23 10:52:25,92.1,900,sell,2026-02-23_105225_921000_900,23/02/2026,MWG,-700.0,1502800,138745190000.0
2026-02-23 10:52:29,92.1,100,sell,2026-02-23_105229_921000_100,23/02/2026,MWG,-700.0,1502900,138754400000.0
2026-02-23 10:52:31,92.1,400,sell,2026-02-23_105231_921000_400,23/02/2026,MWG,-700.0,1503300,138791240000.0
2026-02-23 10:52:36,92.1,400,sell,2026-02-23_105236_921000_400,23/02/2026,MWG,-700.0,1503700,138828080000.0
2026-02-23 10:52:38,92.1,3000,sell,2026-02-23_105238_921000_3000,23/02/2026,MWG,-700.0,1506700,139104380000.0
2026-02-23 10:52:41,92.1,800,sell,2026-02-23_105241_921000_800,23/02/2026,MWG,-700.0,1507500,139178060000.0
2026-02-23 10:52:42,92.1,100,buy,2026-02-23_105242_921000_100,23/02/2026,MWG,-700.0,1507600,139187270000.0
2026-02-23 10:52:44,92.1,500,buy,2026-02-23_105244_921000_500,23/02/2026,MWG,-700.0,1508100,139233320000.0
2026-02-23 10:52:46,92.0,300,sell,2026-02-23_105246_920000_300,23/02/2026,MWG,-800.0,1508400,139260920000.0
2026-02-23 10:52:49,92.1,2000,buy,2026-02-23_105249_921000_2000,23/02/2026,MWG,-700.0,1510400,139445120000.0
2026-02-23 10:52:54,92.0,2000,sell,2026-02-23_105254_920000_2000,23/02/2026,MWG,-800.0,1512400,139629120000.0
2026-02-23 10:52:57,92.0,900,sell,2026-02-23_105257_920000_900,23/02/2026,MWG,-800.0,1513300,139711920000.0
2026-02-23 10:53:01,92.1,100,buy,2026-02-23_105301_921000_100,23/02/2026,MWG,-700.0,1513400,139721130000.0
2026-02-23 10:53:02,92.0,300,sell,2026-02-23_105302_920000_300,23/02/2026,MWG,-800.0,1513700,139748730000.0
2026-02-23 10:53:09,92.0,1300,sell,2026-02-23_105309_920000_1300,23/02/2026,MWG,-800.0,1515000,139868330000.0
2026-02-23 10:53:13,92.0,1000,sell,2026-02-23_105313_920000_1000,23/02/2026,MWG,-800.0,1516900,140043130000.0
2026-02-23 10:53:13,92.0,900,sell,2026-02-23_105313_920000_900,23/02/2026,MWG,-800.0,1515900,139951130000.0
2026-02-23 10:53:15,92.0,1000,sell,2026-02-23_105315_920000_1000,23/02/2026,MWG,-800.0,1517900,140135130000.0
2026-02-23 10:53:28,92.0,1000,sell,2026-02-23_105328_920000_1000,23/02/2026,MWG,-800.0,1519400,140273180000.0
2026-02-23 10:53:28,92.1,500,buy,2026-02-23_105328_921000_500,23/02/2026,MWG,-700.0,1518400,140181180000.0
2026-02-23 10:53:38,92.1,600,buy,2026-02-23_105338_921000_600,23/02/2026,MWG,-700.0,1520000,140328440000.0
2026-02-23 10:53:46,92.1,100,buy,2026-02-23_105346_921000_100,23/02/2026,MWG,-700.0,1520100,140337650000.0
2026-02-23 10:53:58,92.1,100,buy,2026-02-23_105358_921000_100,23/02/2026,MWG,-700.0,1520200,140346860000.0
2026-02-23 10:54:00,92.0,100,sell,2026-02-23_105400_920000_100,23/02/2026,MWG,-800.0,1520300,140356060000.0
2026-02-23 10:54:01,92.0,700,sell,2026-02-23_105401_920000_700,23/02/2026,MWG,-800.0,1521000,140420460000.0
2026-02-23 10:54:03,92.1,2000,buy,2026-02-23_105403_921000_2000,23/02/2026,MWG,-700.0,1523000,140604660000.0
2026-02-23 10:54:05,92.1,100,buy,2026-02-23_105405_921000_100,23/02/2026,MWG,-700.0,1523100,140613870000.0
2026-02-23 10:54:12,92.1,100,buy,2026-02-23_105412_921000_100,23/02/2026,MWG,-700.0,1523200,140623080000.0
2026-02-23 10:54:21,92.0,400,sell,2026-02-23_105421_920000_400,23/02/2026,MWG,-800.0,1523700,140669090000.0
2026-02-23 10:54:21,92.1,100,buy,2026-02-23_105421_921000_100,23/02/2026,MWG,-700.0,1523300,140632290000.0
2026-02-23 10:54:33,92.0,900,sell,2026-02-23_105433_920000_900,23/02/2026,MWG,-800.0,1524600,140751890000.0
2026-02-23 10:54:44,92.1,100,buy,2026-02-23_105444_921000_100,23/02/2026,MWG,-700.0,1524700,140761100000.0
2026-02-23 10:54:52,92.1,500,buy,2026-02-23_105452_921000_500,23/02/2026,MWG,-700.0,1525200,140807150000.0
2026-02-23 10:54:56,92.1,300,buy,2026-02-23_105456_921000_300,23/02/2026,MWG,-700.0,1525500,140834780000.0
2026-02-23 10:54:58,92.1,1000,buy,2026-02-23_105458_921000_1000,23/02/2026,MWG,-700.0,1526500,140926880000.0
2026-02-23 10:55:06,92.1,1000,buy,2026-02-23_105506_921000_1000,23/02/2026,MWG,-700.0,1527500,141018980000.0
2026-02-23 10:55:10,92.1,100,buy,2026-02-23_105510_921000_100,23/02/2026,MWG,-700.0,1527600,141028190000.0
2026-02-23 10:55:11,92.1,200,buy,2026-02-23_105511_921000_200,23/02/2026,MWG,-700.0,1527800,141046610000.0
2026-02-23 10:55:28,92.1,900,buy,2026-02-23_105528_921000_900,23/02/2026,MWG,-700.0,1528700,141129500000.0
2026-02-23 10:55:45,92.1,500,buy,2026-02-23_105545_921000_500,23/02/2026,MWG,-700.0,1529200,141175550000.0
2026-02-23 10:55:49,92.0,2000,sell,2026-02-23_105549_920000_2000,23/02/2026,MWG,-800.0,1531200,141359550000.0
2026-02-23 10:55:51,92.1,100,buy,2026-02-23_105551_921000_100,23/02/2026,MWG,-700.0,1531300,141368760000.0
2026-02-23 10:55:52,92.1,100,buy,2026-02-23_105552_921000_100,23/02/2026,MWG,-700.0,1531400,141377970000.0
2026-02-23 10:56:01,92.0,1000,sell,2026-02-23_105601_920000_1000,23/02/2026,MWG,-800.0,1532400,141469970000.0
2026-02-23 10:56:07,92.0,400,sell,2026-02-23_105607_920000_400,23/02/2026,MWG,-800.0,1532800,141506770000.0
2026-02-23 10:56:09,92.0,900,sell,2026-02-23_105609_920000_900,23/02/2026,MWG,-800.0,1533700,141589570000.0
2026-02-23 10:56:14,92.0,300,sell,2026-02-23_105614_920000_300,23/02/2026,MWG,-800.0,1534000,141617170000.0
2026-02-23 10:56:25,92.0,900,sell,2026-02-23_105625_920000_900,23/02/2026,MWG,-800.0,1534900,141699970000.0
2026-02-23 10:56:27,92.1,100,buy,2026-02-23_105627_921000_100,23/02/2026,MWG,-700.0,1535000,141709180000.0
2026-02-23 10:56:33,92.1,200,buy,2026-02-23_105633_921000_200,23/02/2026,MWG,-700.0,1535200,141727600000.0
2026-02-23 10:56:34,92.1,100,buy,2026-02-23_105634_921000_100,23/02/2026,MWG,-700.0,1535300,141736810000.0
2026-02-23 10:56:38,92.1,600,buy,2026-02-23_105638_921000_600,23/02/2026,MWG,-700.0,1535900,141792070000.0
2026-02-23 10:56:51,92.0,300,sell,2026-02-23_105651_920000_300,23/02/2026,MWG,-800.0,1536200,141819670000.0
2026-02-23 10:56:56,92.0,900,sell,2026-02-23_105656_920000_900,23/02/2026,MWG,-800.0,1537100,141902470000.0
2026-02-23 10:57:13,92.0,900,sell,2026-02-23_105713_920000_900,23/02/2026,MWG,-800.0,1538000,141985270000.0
2026-02-23 10:57:14,92.1,200,buy,2026-02-23_105714_921000_200,23/02/2026,MWG,-700.0,1538200,142003690000.0
2026-02-23 10:57:16,92.1,100,buy,2026-02-23_105716_921000_100,23/02/2026,MWG,-700.0,1538300,142012900000.0
2026-02-23 10:57:17,92.0,3000,sell,2026-02-23_105717_920000_3000,23/02/2026,MWG,-800.0,1541300,142288900000.0
2026-02-23 10:57:19,92.0,5000,sell,2026-02-23_105719_920000_5000,23/02/2026,MWG,-800.0,1546300,142748900000.0
2026-02-23 10:57:27,92.0,1000,sell,2026-02-23_105727_920000_1000,23/02/2026,MWG,-800.0,1547300,142840900000.0
2026-02-23 10:57:33,92.0,1000,sell,2026-02-23_105733_920000_1000,23/02/2026,MWG,-800.0,1548300,142932900000.0
2026-02-23 10:57:35,92.0,500,sell,2026-02-23_105735_920000_500,23/02/2026,MWG,-800.0,1548800,142978900000.0
2026-02-23 10:57:45,92.0,900,sell,2026-02-23_105745_920000_900,23/02/2026,MWG,-800.0,1549700,143061700000.0
2026-02-23 10:57:50,92.0,700,sell,2026-02-23_105750_920000_700,23/02/2026,MWG,-800.0,1550400,143126100000.0
2026-02-23 10:57:54,92.0,100,sell,2026-02-23_105754_920000_100,23/02/2026,MWG,-800.0,1550500,143135300000.0
2026-02-23 10:57:55,92.0,400,sell,2026-02-23_105755_920000_400,23/02/2026,MWG,-800.0,1550900,143172100000.0
2026-02-23 10:57:55,92.1,100,buy,2026-02-23_105755_921000_100,23/02/2026,MWG,-700.0,1551000,143181310000.0
2026-02-23 10:58:24,92.0,2000,sell,2026-02-23_105824_920000_2000,23/02/2026,MWG,-800.0,1553000,143365310000.0
2026-02-23 10:58:32,92.0,900,sell,2026-02-23_105832_920000_900,23/02/2026,MWG,-800.0,1553900,143448110000.0
2026-02-23 10:58:35,92.0,1000,sell,2026-02-23_105835_920000_1000,23/02/2026,MWG,-800.0,1554900,143540110000.0
2026-02-23 10:58:36,92.1,200,buy,2026-02-23_105836_921000_200,23/02/2026,MWG,-700.0,1555100,143558530000.0
2026-02-23 10:58:39,92.0,300,sell,2026-02-23_105839_920000_300,23/02/2026,MWG,-800.0,1555400,143586130000.0
2026-02-23 10:58:43,92.0,2000,sell,2026-02-23_105843_920000_2000,23/02/2026,MWG,-800.0,1557400,143770130000.0
2026-02-23 10:58:44,92.1,100,buy,2026-02-23_105844_921000_100,23/02/2026,MWG,-700.0,1557500,143779340000.0
2026-02-23 10:58:47,92.0,1000,sell,2026-02-23_105847_920000_1000,23/02/2026,MWG,-800.0,1558500,143871340000.0
2026-02-23 10:58:48,92.0,900,sell,2026-02-23_105848_920000_900,23/02/2026,MWG,-800.0,1559400,143954140000.0
2026-02-23 10:59:04,92.0,1000,sell,2026-02-23_105904_920000_1000,23/02/2026,MWG,-800.0,1560400,144046140000.0
2026-02-23 10:59:06,92.1,500,buy,2026-02-23_105906_921000_500,23/02/2026,MWG,-700.0,1569900,144921090000.0
2026-02-23 10:59:06,92.1,9000,buy,2026-02-23_105906_921000_9000,23/02/2026,MWG,-700.0,1569400,144875040000.0
2026-02-23 10:59:11,92.1,300,buy,2026-02-23_105911_921000_300,23/02/2026,MWG,-700.0,1570200,144948720000.0
2026-02-23 10:59:17,92.1,300,buy,2026-02-23_105917_921000_300,23/02/2026,MWG,-700.0,1570500,144976350000.0
2026-02-23 10:59:29,92.1,100,buy,2026-02-23_105929_921000_100,23/02/2026,MWG,-700.0,1570600,144985560000.0
2026-02-23 10:59:32,92.1,100,buy,2026-02-23_105932_921000_100,23/02/2026,MWG,-700.0,1570700,144994770000.0
2026-02-23 10:59:38,92.0,800,sell,2026-02-23_105938_920000_800,23/02/2026,MWG,-800.0,1571500,145068370000.0
2026-02-23 10:59:42,92.0,300,sell,2026-02-23_105942_920000_300,23/02/2026,MWG,-800.0,1571800,145095970000.0
2026-02-23 10:59:43,92.0,400,sell,2026-02-23_105943_920000_400,23/02/2026,MWG,-800.0,1572200,145132770000.0
2026-02-23 10:59:52,92.0,1000,sell,2026-02-23_105952_920000_1000,23/02/2026,MWG,-800.0,1573200,145224770000.0
2026-02-23 10:59:57,92.1,100,buy,2026-02-23_105957_921000_100,23/02/2026,MWG,-700.0,1573300,145233980000.0
2026-02-23 11:00:12,92.1,100,buy,2026-02-23_110012_921000_100,23/02/2026,MWG,-700.0,1573400,145243190000.0
2026-02-23 11:00:27,92.0,300,sell,2026-02-23_110027_920000_300,23/02/2026,MWG,-800.0,1573700,145270790000.0
2026-02-23 11:00:39,92.1,200,buy,2026-02-23_110039_921000_200,23/02/2026,MWG,-700.0,1573900,145289210000.0
2026-02-23 11:00:55,92.1,100,buy,2026-02-23_110055_921000_100,23/02/2026,MWG,-700.0,1574000,145298420000.0
2026-02-23 11:01:14,92.1,500,buy,2026-02-23_110114_921000_500,23/02/2026,MWG,-700.0,1574500,145344470000.0
2026-02-23 11:01:17,92.1,300,buy,2026-02-23_110117_921000_300,23/02/2026,MWG,-700.0,1574800,145372100000.0
2026-02-23 11:01:19,92.1,100,buy,2026-02-23_110119_921000_100,23/02/2026,MWG,-700.0,1574900,145381310000.0
2026-02-23 11:01:24,92.1,6800,buy,2026-02-23_110124_921000_6800,23/02/2026,MWG,-700.0,1581700,146007590000.0
2026-02-23 11:01:26,92.0,800,sell,2026-02-23_110126_920000_800,23/02/2026,MWG,-800.0,1582500,146081190000.0
2026-02-23 11:01:27,92.1,300,buy,2026-02-23_110127_921000_300,23/02/2026,MWG,-700.0,1582800,146108820000.0
2026-02-23 11:01:30,92.0,100,sell,2026-02-23_110130_920000_100,23/02/2026,MWG,-800.0,1582900,146118020000.0
2026-02-23 11:01:30,92.1,300,buy,2026-02-23_110130_921000_300,23/02/2026,MWG,-700.0,1583200,146145650000.0
2026-02-23 11:01:31,92.0,400,sell,2026-02-23_110131_920000_400,23/02/2026,MWG,-800.0,1583600,146182450000.0
2026-02-23 11:01:33,92.0,1000,sell,2026-02-23_110133_920000_1000,23/02/2026,MWG,-800.0,1584600,146274450000.0
2026-02-23 11:01:37,92.0,2000,sell,2026-02-23_110137_920000_2000,23/02/2026,MWG,-800.0,1586600,146458450000.0
2026-02-23 11:01:38,92.1,100,buy,2026-02-23_110138_921000_100,23/02/2026,MWG,-700.0,1586700,146467660000.0
2026-02-23 11:01:43,92.1,1500,buy,2026-02-23_110143_921000_1500,23/02/2026,MWG,-700.0,1588200,146605810000.0
2026-02-23 11:02:00,92.1,200,buy,2026-02-23_110200_921000_200,23/02/2026,MWG,-700.0,1588400,146624230000.0
2026-02-23 11:02:07,92.1,200,buy,2026-02-23_110207_921000_200,23/02/2026,MWG,-700.0,1588600,146642650000.0
2026-02-23 11:02:15,92.0,300,sell,2026-02-23_110215_920000_300,23/02/2026,MWG,-800.0,1588900,146670250000.0
2026-02-23 11:02:16,92.0,5000,sell,2026-02-23_110216_920000_5000,23/02/2026,MWG,-800.0,1593900,147130250000.0
2026-02-23 11:02:21,92.0,5000,sell,2026-02-23_110221_920000_5000,23/02/2026,MWG,-800.0,1598900,147590250000.0
2026-02-23 11:02:32,92.0,900,sell,2026-02-23_110232_920000_900,23/02/2026,MWG,-800.0,1599800,147673050000.0
2026-02-23 11:02:38,92.1,20000,buy,2026-02-23_110238_921000_20000,23/02/2026,MWG,-700.0,1619800,149515050000.0
2026-02-23 11:02:47,92.1,900,sell,2026-02-23_110247_921000_900,23/02/2026,MWG,-700.0,1620700,149597940000.0
2026-02-23 11:02:48,92.1,900,sell,2026-02-23_110248_921000_900,23/02/2026,MWG,-700.0,1621600,149680830000.0
2026-02-23 11:03:00,92.1,3300,sell,2026-02-23_110300_921000_3300,23/02/2026,MWG,-700.0,1624900,149984760000.0
2026-02-23 11:03:00,92.1,500,buy,2026-02-23_110300_921000_500,23/02/2026,MWG,-700.0,1625400,150030810000.0
2026-02-23 11:03:06,92.1,200,buy,2026-02-23_110306_921000_200,23/02/2026,MWG,-700.0,1625600,150049230000.0
2026-02-23 11:03:10,92.0,300,sell,2026-02-23_110310_920000_300,23/02/2026,MWG,-800.0,1625900,150076830000.0
2026-02-23 11:03:19,92.0,900,sell,2026-02-23_110319_920000_900,23/02/2026,MWG,-800.0,1626800,150159630000.0
2026-02-23 11:03:21,92.1,100,buy,2026-02-23_110321_921000_100,23/02/2026,MWG,-700.0,1626900,150168840000.0
2026-02-23 11:03:24,92.1,200,buy,2026-02-23_110324_921000_200,23/02/2026,MWG,-700.0,1627100,150187260000.0
2026-02-23 11:03:25,92.0,200,sell,2026-02-23_110325_920000_200,23/02/2026,MWG,-800.0,1627300,150205660000.0
2026-02-23 11:03:25,92.1,6800,buy,2026-02-23_110325_921000_6800,23/02/2026,MWG,-700.0,1634100,150831940000.0
2026-02-23 11:03:48,92.0,500,sell,2026-02-23_110348_920000_500,23/02/2026,MWG,-800.0,1634600,150877940000.0
2026-02-23 11:03:50,92.1,300,buy,2026-02-23_110350_921000_300,23/02/2026,MWG,-700.0,1634900,150905570000.0
2026-02-23 11:04:03,92.1,200,buy,2026-02-23_110403_921000_200,23/02/2026,MWG,-700.0,1635100,150923990000.0
2026-02-23 11:04:05,92.1,200,buy,2026-02-23_110405_921000_200,23/02/2026,MWG,-700.0,1635300,150942410000.0
2026-02-23 11:04:29,92.1,100,buy,2026-02-23_110429_921000_100,23/02/2026,MWG,-700.0,1635400,150951620000.0
2026-02-23 11:04:31,92.0,2000,sell,2026-02-23_110431_920000_2000,23/02/2026,MWG,-800.0,1637400,151135620000.0
2026-02-23 11:04:39,92.0,900,sell,2026-02-23_110439_920000_900,23/02/2026,MWG,-800.0,1638300,151218420000.0
2026-02-23 11:04:43,92.1,200,buy,2026-02-23_110443_921000_200,23/02/2026,MWG,-700.0,1638500,151236840000.0
2026-02-23 11:04:45,92.1,100,buy,2026-02-23_110445_921000_100,23/02/2026,MWG,-700.0,1638600,151246050000.0
2026-02-23 11:04:49,92.1,200,buy,2026-02-23_110449_921000_200,23/02/2026,MWG,-700.0,1638800,151264470000.0
2026-02-23 11:05:10,92.1,100,buy,2026-02-23_110510_921000_100,23/02/2026,MWG,-700.0,1638900,151273680000.0
2026-02-23 11:05:19,92.1,200,buy,2026-02-23_110519_921000_200,23/02/2026,MWG,-700.0,1639100,151292100000.0
2026-02-23 11:05:24,92.0,400,sell,2026-02-23_110524_920000_400,23/02/2026,MWG,-800.0,1639500,151328900000.0
2026-02-23 11:05:25,92.0,800,sell,2026-02-23_110525_920000_800,23/02/2026,MWG,-800.0,1640300,151402500000.0
2026-02-23 11:05:25,92.1,100,buy,2026-02-23_110525_921000_100,23/02/2026,MWG,-700.0,1640400,151411710000.0
2026-02-23 11:05:29,92.1,500,buy,2026-02-23_110529_921000_500,23/02/2026,MWG,-700.0,1640900,151457760000.0
2026-02-23 11:05:33,92.1,200,buy,2026-02-23_110533_921000_200,23/02/2026,MWG,-700.0,1641100,151476180000.0
2026-02-23 11:05:49,92.1,300,buy,2026-02-23_110549_921000_300,23/02/2026,MWG,-700.0,1641400,151503810000.0
2026-02-23 11:05:55,92.1,1000,buy,2026-02-23_110555_921000_1000,23/02/2026,MWG,-700.0,1642400,151595910000.0
2026-02-23 11:06:06,92.1,200,buy,2026-02-23_110606_921000_200,23/02/2026,MWG,-700.0,1642600,151614330000.0
2026-02-23 11:06:09,92.0,300,sell,2026-02-23_110609_920000_300,23/02/2026,MWG,-800.0,1642900,151641930000.0
2026-02-23 11:06:10,92.1,100,buy,2026-02-23_110610_921000_100,23/02/2026,MWG,-700.0,1643000,151651140000.0
2026-02-23 11:06:22,92.1,200,buy,2026-02-23_110622_921000_200,23/02/2026,MWG,-700.0,1643200,151669560000.0
2026-02-23 11:06:35,92.1,100,buy,2026-02-23_110635_921000_100,23/02/2026,MWG,-700.0,1643300,151678770000.0
2026-02-23 11:06:39,92.0,300,sell,2026-02-23_110639_920000_300,23/02/2026,MWG,-800.0,1643600,151706370000.0
2026-02-23 11:06:45,92.0,100,sell,2026-02-23_110645_920000_100,23/02/2026,MWG,-800.0,1643700,151715570000.0
2026-02-23 11:06:46,92.1,100,buy,2026-02-23_110646_921000_100,23/02/2026,MWG,-700.0,1643800,151724780000.0
2026-02-23 11:06:48,92.0,900,sell,2026-02-23_110648_920000_900,23/02/2026,MWG,-800.0,1644700,151807580000.0
2026-02-23 11:07:03,92.0,900,sell,2026-02-23_110703_920000_900,23/02/2026,MWG,-800.0,1645600,151890380000.0
2026-02-23 11:07:09,92.1,100,buy,2026-02-23_110709_921000_100,23/02/2026,MWG,-700.0,1645700,151899590000.0
2026-02-23 11:07:12,92.0,400,sell,2026-02-23_110712_920000_400,23/02/2026,MWG,-800.0,1646100,151936390000.0
2026-02-23 11:07:13,92.0,800,sell,2026-02-23_110713_920000_800,23/02/2026,MWG,-800.0,1646900,152009990000.0
2026-02-23 11:07:19,92.0,1000,sell,2026-02-23_110719_920000_1000,23/02/2026,MWG,-800.0,1648000,152111200000.0
2026-02-23 11:07:19,92.1,100,buy,2026-02-23_110719_921000_100,23/02/2026,MWG,-700.0,1647000,152019200000.0
2026-02-23 11:07:26,92.0,2000,sell,2026-02-23_110726_920000_2000,23/02/2026,MWG,-800.0,1650000,152295200000.0
2026-02-23 11:07:28,92.0,800,sell,2026-02-23_110728_920000_800,23/02/2026,MWG,-800.0,1651000,152387220000.0
2026-02-23 11:07:28,92.1,200,buy,2026-02-23_110728_921000_200,23/02/2026,MWG,-700.0,1650200,152313620000.0
2026-02-23 11:07:28,92.0,900,sell,2026-02-23_110728_920000_900,23/02/2026,MWG,-800.0,1651900,152470020000.0
2026-02-23 11:07:32,92.0,200,sell,2026-02-23_110732_920000_200,23/02/2026,MWG,-800.0,1652100,152488420000.0
2026-02-23 11:07:35,92.0,900,sell,2026-02-23_110735_920000_900,23/02/2026,MWG,-800.0,1653000,152571220000.0
2026-02-23 11:07:39,92.1,100,buy,2026-02-23_110739_921000_100,23/02/2026,MWG,-700.0,1653100,152580430000.0
2026-02-23 11:07:57,92.0,300,sell,2026-02-23_110757_920000_300,23/02/2026,MWG,-800.0,1653400,152608030000.0
2026-02-23 11:08:02,92.1,100,buy,2026-02-23_110802_921000_100,23/02/2026,MWG,-700.0,1653500,152617240000.0
2026-02-23 11:08:08,92.1,200,buy,2026-02-23_110808_921000_200,23/02/2026,MWG,-700.0,1653700,152635660000.0
2026-02-23 11:08:10,92.1,100,buy,2026-02-23_110810_921000_100,23/02/2026,MWG,-700.0,1653800,152644870000.0
2026-02-23 11:08:31,92.0,500,sell,2026-02-23_110831_920000_500,23/02/2026,MWG,-800.0,1654300,152690870000.0
2026-02-23 11:08:39,92.0,900,sell,2026-02-23_110839_920000_900,23/02/2026,MWG,-800.0,1655200,152773670000.0
2026-02-23 11:08:48,92.1,100,buy,2026-02-23_110848_921000_100,23/02/2026,MWG,-700.0,1655300,152782880000.0
2026-02-23 11:08:50,92.1,100,buy,2026-02-23_110850_921000_100,23/02/2026,MWG,-700.0,1655400,152792090000.0
2026-02-23 11:09:00,92.0,400,sell,2026-02-23_110900_920000_400,23/02/2026,MWG,-800.0,1655800,152828890000.0
2026-02-23 11:09:01,92.0,800,sell,2026-02-23_110901_920000_800,23/02/2026,MWG,-800.0,1656600,152902490000.0
2026-02-23 11:09:09,92.0,2000,sell,2026-02-23_110909_920000_2000,23/02/2026,MWG,-800.0,1658600,153086490000.0
2026-02-23 11:09:09,92.1,100,buy,2026-02-23_110909_921000_100,23/02/2026,MWG,-700.0,1658700,153095700000.0
2026-02-23 11:09:30,92.1,100,buy,2026-02-23_110930_921000_100,23/02/2026,MWG,-700.0,1658800,153104910000.0
2026-02-23 11:09:31,92.1,200,buy,2026-02-23_110931_921000_200,23/02/2026,MWG,-700.0,1659000,153123330000.0
2026-02-23 11:09:35,92.1,500,buy,2026-02-23_110935_921000_500,23/02/2026,MWG,-700.0,1659500,153169380000.0
2026-02-23 11:09:43,92.1,500,buy,2026-02-23_110943_921000_500,23/02/2026,MWG,-700.0,1660000,153215430000.0
2026-02-23 11:09:45,92.0,300,sell,2026-02-23_110945_920000_300,23/02/2026,MWG,-800.0,1660300,153243030000.0
2026-02-23 11:09:59,92.0,900,sell,2026-02-23_110959_920000_900,23/02/2026,MWG,-800.0,1661200,153325830000.0
2026-02-23 11:10:06,92.1,400,buy,2026-02-23_111006_921000_400,23/02/2026,MWG,-700.0,1661600,153362670000.0
2026-02-23 11:10:07,92.0,300,sell,2026-02-23_111007_920000_300,23/02/2026,MWG,-800.0,1661900,153390270000.0
2026-02-23 11:10:10,92.1,100,buy,2026-02-23_111010_921000_100,23/02/2026,MWG,-700.0,1662000,153399480000.0
2026-02-23 11:10:12,92.1,200,buy,2026-02-23_111012_921000_200,23/02/2026,MWG,-700.0,1662200,153417900000.0
2026-02-23 11:10:20,92.0,2000,sell,2026-02-23_111020_920000_2000,23/02/2026,MWG,-800.0,1664200,153601900000.0
2026-02-23 11:10:30,92.0,1000,sell,2026-02-23_111030_920000_1000,23/02/2026,MWG,-800.0,1665200,153693900000.0
2026-02-23 11:10:46,92.0,900,sell,2026-02-23_111046_920000_900,23/02/2026,MWG,-800.0,1666100,153776700000.0
2026-02-23 11:10:48,92.0,400,sell,2026-02-23_111048_920000_400,23/02/2026,MWG,-800.0,1666500,153813500000.0
2026-02-23 11:10:49,92.0,700,sell,2026-02-23_111049_920000_700,23/02/2026,MWG,-800.0,1667200,153877900000.0
2026-02-23 11:10:53,92.1,100,buy,2026-02-23_111053_921000_100,23/02/2026,MWG,-700.0,1667300,153887110000.0
2026-02-23 11:10:56,92.1,100,buy,2026-02-23_111056_921000_100,23/02/2026,MWG,-700.0,1667400,153896320000.0
2026-02-23 11:11:10,92.1,100,buy,2026-02-23_111110_921000_100,23/02/2026,MWG,-700.0,1667500,153905530000.0
2026-02-23 11:11:14,92.1,1000,buy,2026-02-23_111114_921000_1000,23/02/2026,MWG,-700.0,1668500,153997630000.0
2026-02-23 11:11:19,92.1,100,buy,2026-02-23_111119_921000_100,23/02/2026,MWG,-700.0,1668600,154006840000.0
2026-02-23 11:11:33,92.0,900,sell,2026-02-23_111133_920000_900,23/02/2026,MWG,-800.0,1670200,154154060000.0
2026-02-23 11:11:33,92.0,400,sell,2026-02-23_111133_920000_400,23/02/2026,MWG,-800.0,1669100,154052840000.0
2026-02-23 11:11:33,92.0,100,sell,2026-02-23_111133_920000_100,23/02/2026,MWG,-800.0,1668700,154016040000.0
2026-02-23 11:11:33,92.1,200,buy,2026-02-23_111133_921000_200,23/02/2026,MWG,-700.0,1669300,154071260000.0
2026-02-23 11:11:42,92.1,100,buy,2026-02-23_111142_921000_100,23/02/2026,MWG,-700.0,1670300,154163270000.0
2026-02-23 11:11:52,92.1,500,buy,2026-02-23_111152_921000_500,23/02/2026,MWG,-700.0,1670800,154209320000.0
2026-02-23 11:11:53,92.1,30000,buy,2026-02-23_111153_921000_30000,23/02/2026,MWG,-700.0,1700800,156972320000.0
2026-02-23 11:11:54,92.1,200,buy,2026-02-23_111154_921000_200,23/02/2026,MWG,-700.0,1701000,156990740000.0
2026-02-23 11:12:15,92.1,100,buy,2026-02-23_111215_921000_100,23/02/2026,MWG,-700.0,1701100,156999950000.0
2026-02-23 11:12:18,92.1,20000,buy,2026-02-23_111218_921000_20000,23/02/2026,MWG,-700.0,1721100,158841950000.0
2026-02-23 11:12:20,92.1,100,buy,2026-02-23_111220_921000_100,23/02/2026,MWG,-700.0,1721200,158851160000.0
2026-02-23 11:12:32,92.1,300,buy,2026-02-23_111232_921000_300,23/02/2026,MWG,-700.0,1721600,158888000000.0
2026-02-23 11:12:32,92.1,100,buy,2026-02-23_111232_921000_100,23/02/2026,MWG,-700.0,1721300,158860370000.0
2026-02-23 11:12:35,92.1,1000,buy,2026-02-23_111235_921000_1000,23/02/2026,MWG,-700.0,1722600,158980100000.0
2026-02-23 11:12:36,92.1,2000,buy,2026-02-23_111236_921000_2000,23/02/2026,MWG,-700.0,1724600,159164300000.0
2026-02-23 11:12:41,92.1,5000,buy,2026-02-23_111241_921000_5000,23/02/2026,MWG,-700.0,1729600,159624800000.0
2026-02-23 11:12:50,92.1,100,buy,2026-02-23_111250_921000_100,23/02/2026,MWG,-700.0,1729700,159634010000.0
2026-02-23 11:12:51,92.1,1000,buy,2026-02-23_111251_921000_1000,23/02/2026,MWG,-700.0,1730700,159726110000.0
2026-02-23 11:12:56,92.1,1600,buy,2026-02-23_111256_921000_1600,23/02/2026,MWG,-700.0,1732500,159891890000.0
2026-02-23 11:12:56,92.1,200,buy,2026-02-23_111256_921000_200,23/02/2026,MWG,-700.0,1730900,159744530000.0
2026-02-23 11:13:00,92.1,1400,sell,2026-02-23_111300_921000_1400,23/02/2026,MWG,-700.0,1733900,160020830000.0
2026-02-23 11:13:01,92.1,100,sell,2026-02-23_111301_921000_100,23/02/2026,MWG,-700.0,1734000,160030040000.0
2026-02-23 11:13:02,92.1,400,sell,2026-02-23_111302_921000_400,23/02/2026,MWG,-700.0,1734400,160066880000.0
2026-02-23 11:13:10,92.2,100,buy,2026-02-23_111310_922000_100,23/02/2026,MWG,-600.0,1735400,160158990000.0
2026-02-23 11:13:10,92.1,900,sell,2026-02-23_111310_921000_900,23/02/2026,MWG,-700.0,1735300,160149770000.0
2026-02-23 11:13:14,92.1,2000,sell,2026-02-23_111314_921000_2000,23/02/2026,MWG,-700.0,1737400,160343190000.0
2026-02-23 11:13:25,92.1,900,sell,2026-02-23_111325_921000_900,23/02/2026,MWG,-700.0,1738300,160426080000.0
2026-02-23 11:13:26,92.2,300,buy,2026-02-23_111326_922000_300,23/02/2026,MWG,-600.0,1738600,160453740000.0
2026-02-23 11:13:35,92.1,300,sell,2026-02-23_111335_921000_300,23/02/2026,MWG,-700.0,1738900,160481370000.0
2026-02-23 11:13:42,92.1,1000,sell,2026-02-23_111342_921000_1000,23/02/2026,MWG,-700.0,1739900,160573470000.0
2026-02-23 11:13:49,92.1,500,sell,2026-02-23_111349_921000_500,23/02/2026,MWG,-700.0,1740400,160619520000.0
2026-02-23 11:13:58,92.1,900,sell,2026-02-23_111358_921000_900,23/02/2026,MWG,-700.0,1741300,160702410000.0
2026-02-23 11:14:02,92.2,1000,buy,2026-02-23_111402_922000_1000,23/02/2026,MWG,-600.0,1742300,160794610000.0
2026-02-23 11:14:03,92.2,1000,buy,2026-02-23_111403_922000_1000,23/02/2026,MWG,-600.0,1743300,160886810000.0
2026-02-23 11:14:28,92.2,500,buy,2026-02-23_111428_922000_500,23/02/2026,MWG,-600.0,1743800,160932910000.0
2026-02-23 11:14:40,92.2,1900,buy,2026-02-23_111440_922000_1900,23/02/2026,MWG,-600.0,1745700,161108090000.0
2026-02-23 11:14:52,92.2,100,buy,2026-02-23_111452_922000_100,23/02/2026,MWG,-600.0,1745800,161117310000.0
2026-02-23 11:15:00,92.2,100,buy,2026-02-23_111500_922000_100,23/02/2026,MWG,-600.0,1745900,161126530000.0
2026-02-23 11:15:27,92.1,5000,sell,2026-02-23_111527_921000_5000,23/02/2026,MWG,-700.0,1750900,161587030000.0
2026-02-23 11:15:29,92.1,300,sell,2026-02-23_111529_921000_300,23/02/2026,MWG,-700.0,1751200,161614660000.0
2026-02-23 11:15:30,92.1,5200,sell,2026-02-23_111530_921000_5200,23/02/2026,MWG,-700.0,1756400,162093580000.0
2026-02-23 11:15:33,92.1,18900,sell,2026-02-23_111533_921000_18900,23/02/2026,MWG,-700.0,1775300,163834270000.0
2026-02-23 11:15:39,92.1,200,buy,2026-02-23_111539_921000_200,23/02/2026,MWG,-700.0,1775500,163852690000.0
2026-02-23 11:16:06,92.1,500,buy,2026-02-23_111606_921000_500,23/02/2026,MWG,-700.0,1776000,163898740000.0
2026-02-23 11:16:08,92.1,300,buy,2026-02-23_111608_921000_300,23/02/2026,MWG,-700.0,1776300,163926370000.0
2026-02-23 11:16:08,92.0,2000,sell,2026-02-23_111608_920000_2000,23/02/2026,MWG,-800.0,1778300,164110370000.0
2026-02-23 11:16:19,92.1,100,buy,2026-02-23_111619_921000_100,23/02/2026,MWG,-700.0,1778400,164119580000.0
2026-02-23 11:16:31,92.1,500,buy,2026-02-23_111631_921000_500,23/02/2026,MWG,-700.0,1778900,164165630000.0
2026-02-23 11:16:51,92.0,400,sell,2026-02-23_111651_920000_400,23/02/2026,MWG,-800.0,1779300,164202430000.0
2026-02-23 11:16:52,92.0,800,sell,2026-02-23_111652_920000_800,23/02/2026,MWG,-800.0,1780100,164276030000.0
2026-02-23 11:16:54,92.0,1000,sell,2026-02-23_111654_920000_1000,23/02/2026,MWG,-800.0,1781100,164368030000.0
2026-02-23 11:16:54,92.1,1300,buy,2026-02-23_111654_921000_1300,23/02/2026,MWG,-700.0,1782400,164487760000.0
2026-02-23 11:17:01,92.1,200,buy,2026-02-23_111701_921000_200,23/02/2026,MWG,-700.0,1782600,164506180000.0
2026-02-23 11:17:02,92.0,100,sell,2026-02-23_111702_920000_100,23/02/2026,MWG,-800.0,1782700,164515380000.0
2026-02-23 11:17:03,92.0,300,sell,2026-02-23_111703_920000_300,23/02/2026,MWG,-800.0,1783000,164542980000.0
2026-02-23 11:17:06,92.0,100,sell,2026-02-23_111706_920000_100,23/02/2026,MWG,-800.0,1783100,164552180000.0
2026-02-23 11:17:10,92.0,900,sell,2026-02-23_111710_920000_900,23/02/2026,MWG,-800.0,1784000,164634980000.0
2026-02-23 11:17:17,92.0,300,sell,2026-02-23_111717_920000_300,23/02/2026,MWG,-800.0,1784300,164662580000.0
2026-02-23 11:17:26,92.0,900,sell,2026-02-23_111726_920000_900,23/02/2026,MWG,-800.0,1785200,164745380000.0
2026-02-23 11:17:42,92.1,100,buy,2026-02-23_111742_921000_100,23/02/2026,MWG,-700.0,1785300,164754590000.0
2026-02-23 11:17:42,92.0,1000,sell,2026-02-23_111742_920000_1000,23/02/2026,MWG,-800.0,1786300,164846590000.0
2026-02-23 11:17:48,92.1,100,buy,2026-02-23_111748_921000_100,23/02/2026,MWG,-700.0,1786400,164855800000.0
2026-02-23 11:18:13,92.1,500,buy,2026-02-23_111813_921000_500,23/02/2026,MWG,-700.0,1786900,164901850000.0
2026-02-23 11:18:16,92.1,200,buy,2026-02-23_111816_921000_200,23/02/2026,MWG,-700.0,1787100,164920270000.0
2026-02-23 11:18:19,92.1,300,buy,2026-02-23_111819_921000_300,23/02/2026,MWG,-700.0,1787400,164947900000.0
2026-02-23 11:18:23,92.1,200,buy,2026-02-23_111823_921000_200,23/02/2026,MWG,-700.0,1787600,164966320000.0
2026-02-23 11:18:32,92.1,100,buy,2026-02-23_111832_921000_100,23/02/2026,MWG,-700.0,1787700,164975530000.0
2026-02-23 11:18:39,92.0,400,sell,2026-02-23_111839_920000_400,23/02/2026,MWG,-800.0,1788100,165012330000.0
2026-02-23 11:18:40,92.0,800,sell,2026-02-23_111840_920000_800,23/02/2026,MWG,-800.0,1788900,165085930000.0
2026-02-23 11:18:46,92.0,900,sell,2026-02-23_111846_920000_900,23/02/2026,MWG,-800.0,1789800,165168730000.0
2026-02-23 11:18:51,92.1,1000,buy,2026-02-23_111851_921000_1000,23/02/2026,MWG,-700.0,1790800,165260830000.0
2026-02-23 11:19:02,92.0,2000,sell,2026-02-23_111902_920000_2000,23/02/2026,MWG,-800.0,1792800,165444830000.0
2026-02-23 11:19:04,92.1,200,buy,2026-02-23_111904_921000_200,23/02/2026,MWG,-700.0,1793000,165463250000.0
2026-02-23 11:19:05,92.0,300,sell,2026-02-23_111905_920000_300,23/02/2026,MWG,-800.0,1793300,165490850000.0
2026-02-23 11:19:09,92.1,4000,buy,2026-02-23_111909_921000_4000,23/02/2026,MWG,-700.0,1797300,165859250000.0
2026-02-23 11:19:14,92.1,100,buy,2026-02-23_111914_921000_100,23/02/2026,MWG,-700.0,1797400,165868460000.0
2026-02-23 11:19:42,92.0,500,sell,2026-02-23_111942_920000_500,23/02/2026,MWG,-800.0,1797900,165914460000.0
2026-02-23 11:19:45,92.1,100,buy,2026-02-23_111945_921000_100,23/02/2026,MWG,-700.0,1798000,165923670000.0
2026-02-23 11:19:54,92.1,2000,buy,2026-02-23_111954_921000_2000,23/02/2026,MWG,-700.0,1800000,166107870000.0
2026-02-23 11:19:56,92.1,500,buy,2026-02-23_111956_921000_500,23/02/2026,MWG,-700.0,1800500,166153920000.0
2026-02-23 11:19:56,92.1,100,buy,2026-02-23_111956_921000_100,23/02/2026,MWG,-700.0,1800600,166163130000.0
2026-02-23 11:20:02,92.1,1000,buy,2026-02-23_112002_921000_1000,23/02/2026,MWG,-700.0,1801600,166255230000.0
2026-02-23 11:20:15,92.1,1000,buy,2026-02-23_112015_921000_1000,23/02/2026,MWG,-700.0,1802600,166347330000.0
2026-02-23 11:20:20,92.0,800,sell,2026-02-23_112020_920000_800,23/02/2026,MWG,-800.0,1803400,166420930000.0
2026-02-23 11:20:20,92.1,500,buy,2026-02-23_112020_921000_500,23/02/2026,MWG,-700.0,1803900,166466980000.0
2026-02-23 11:20:23,92.1,200,buy,2026-02-23_112023_921000_200,23/02/2026,MWG,-700.0,1804100,166485400000.0
2026-02-23 11:20:26,92.1,200,buy,2026-02-23_112026_921000_200,23/02/2026,MWG,-700.0,1804300,166503820000.0
2026-02-23 11:20:27,92.0,400,sell,2026-02-23_112027_920000_400,23/02/2026,MWG,-800.0,1804700,166540620000.0
2026-02-23 11:20:29,92.0,700,sell,2026-02-23_112029_920000_700,23/02/2026,MWG,-800.0,1805400,166605020000.0
2026-02-23 11:20:31,92.0,300,sell,2026-02-23_112031_920000_300,23/02/2026,MWG,-800.0,1805700,166632620000.0
2026-02-23 11:20:37,92.0,900,sell,2026-02-23_112037_920000_900,23/02/2026,MWG,-800.0,1806600,166715420000.0
2026-02-23 11:20:53,92.0,1300,sell,2026-02-23_112053_920000_1300,23/02/2026,MWG,-800.0,1807900,166835020000.0
2026-02-23 11:21:07,92.1,100,buy,2026-02-23_112107_921000_100,23/02/2026,MWG,-700.0,1808000,166844230000.0
2026-02-23 11:21:07,92.1,200,buy,2026-02-23_112107_921000_200,23/02/2026,MWG,-700.0,1808200,166862650000.0
2026-02-23 11:21:08,92.1,100,buy,2026-02-23_112108_921000_100,23/02/2026,MWG,-700.0,1808300,166871860000.0
2026-02-23 11:21:11,92.1,100,buy,2026-02-23_112111_921000_100,23/02/2026,MWG,-700.0,1808400,166881070000.0
2026-02-23 11:21:15,92.1,200,buy,2026-02-23_112115_921000_200,23/02/2026,MWG,-700.0,1808600,166899490000.0
2026-02-23 11:21:19,92.1,100,buy,2026-02-23_112119_921000_100,23/02/2026,MWG,-700.0,1808700,166908700000.0
2026-02-23 11:21:26,92.1,100,buy,2026-02-23_112126_921000_100,23/02/2026,MWG,-700.0,1808800,166917910000.0
2026-02-23 11:21:47,92.1,100,buy,2026-02-23_112147_921000_100,23/02/2026,MWG,-700.0,1808900,166927120000.0
2026-02-23 11:21:51,92.0,500,sell,2026-02-23_112151_920000_500,23/02/2026,MWG,-800.0,1809400,166973120000.0
2026-02-23 11:21:56,92.0,2000,sell,2026-02-23_112156_920000_2000,23/02/2026,MWG,-800.0,1811400,167157120000.0
2026-02-23 11:21:57,92.0,1000,sell,2026-02-23_112157_920000_1000,23/02/2026,MWG,-800.0,1812400,167249120000.0
2026-02-23 11:22:05,92.1,100,buy,2026-02-23_112205_921000_100,23/02/2026,MWG,-700.0,1812500,167258330000.0
2026-02-23 11:22:09,92.1,100,buy,2026-02-23_112209_921000_100,23/02/2026,MWG,-700.0,1812600,167267540000.0
2026-02-23 11:22:15,92.1,200,buy,2026-02-23_112215_921000_200,23/02/2026,MWG,-700.0,1812800,167285960000.0
2026-02-23 11:22:15,92.0,400,sell,2026-02-23_112215_920000_400,23/02/2026,MWG,-800.0,1813200,167322760000.0
2026-02-23 11:22:15,92.1,10000,buy,2026-02-23_112215_921000_10000,23/02/2026,MWG,-700.0,1823200,168243760000.0
2026-02-23 11:22:17,92.0,700,sell,2026-02-23_112217_920000_700,23/02/2026,MWG,-800.0,1823900,168308160000.0
2026-02-23 11:22:20,92.1,100,buy,2026-02-23_112220_921000_100,23/02/2026,MWG,-700.0,1824000,168317370000.0
2026-02-23 11:22:28,92.1,500,buy,2026-02-23_112228_921000_500,23/02/2026,MWG,-700.0,1824500,168363420000.0
2026-02-23 11:22:29,92.1,200,buy,2026-02-23_112229_921000_200,23/02/2026,MWG,-700.0,1824700,168381840000.0
2026-02-23 11:22:31,92.1,300,buy,2026-02-23_112231_921000_300,23/02/2026,MWG,-700.0,1825000,168409470000.0
2026-02-23 11:22:41,92.0,300,sell,2026-02-23_112241_920000_300,23/02/2026,MWG,-800.0,1825300,168437070000.0
2026-02-23 11:22:44,92.0,1000,sell,2026-02-23_112244_920000_1000,23/02/2026,MWG,-800.0,1826300,168529070000.0
2026-02-23 11:22:51,92.1,100,buy,2026-02-23_112251_921000_100,23/02/2026,MWG,-700.0,1826400,168538280000.0
2026-02-23 11:23:04,92.1,100,buy,2026-02-23_112304_921000_100,23/02/2026,MWG,-700.0,1826500,168547490000.0
2026-02-23 11:23:10,92.1,400,buy,2026-02-23_112310_921000_400,23/02/2026,MWG,-700.0,1826900,168584330000.0
2026-02-23 11:23:27,92.1,300,buy,2026-02-23_112327_921000_300,23/02/2026,MWG,-700.0,1827200,168611960000.0
2026-02-23 11:23:38,92.1,100,buy,2026-02-23_112338_921000_100,23/02/2026,MWG,-700.0,1827300,168621170000.0
2026-02-23 11:23:51,92.1,200,buy,2026-02-23_112351_921000_200,23/02/2026,MWG,-700.0,1827500,168639590000.0
2026-02-23 11:23:59,92.0,300,sell,2026-02-23_112359_920000_300,23/02/2026,MWG,-800.0,1827800,168667190000.0
2026-02-23 11:24:00,92.1,300,buy,2026-02-23_112400_921000_300,23/02/2026,MWG,-700.0,1828100,168694820000.0
2026-02-23 11:24:03,92.0,400,sell,2026-02-23_112403_920000_400,23/02/2026,MWG,-800.0,1828500,168731620000.0
2026-02-23 11:24:05,92.0,1600,sell,2026-02-23_112405_920000_1600,23/02/2026,MWG,-800.0,1830100,168878820000.0
2026-02-23 11:24:11,92.1,100,buy,2026-02-23_112411_921000_100,23/02/2026,MWG,-700.0,1830200,168888030000.0
2026-02-23 11:24:15,92.1,300,buy,2026-02-23_112415_921000_300,23/02/2026,MWG,-700.0,1830500,168915660000.0
2026-02-23 11:24:17,92.1,100,buy,2026-02-23_112417_921000_100,23/02/2026,MWG,-700.0,1830600,168924870000.0
2026-02-23 11:24:20,92.1,100,buy,2026-02-23_112420_921000_100,23/02/2026,MWG,-700.0,1830700,168934080000.0
2026-02-23 11:24:29,92.0,300,sell,2026-02-23_112429_920000_300,23/02/2026,MWG,-800.0,1831000,168961680000.0
2026-02-23 11:24:32,92.1,200,buy,2026-02-23_112432_921000_200,23/02/2026,MWG,-700.0,1831200,168980100000.0
2026-02-23 11:24:35,92.1,500,buy,2026-02-23_112435_921000_500,23/02/2026,MWG,-700.0,1831700,169026150000.0
2026-02-23 11:24:39,92.1,200,buy,2026-02-23_112439_921000_200,23/02/2026,MWG,-700.0,1831900,169044570000.0
2026-02-23 11:24:42,92.0,100,sell,2026-02-23_112442_920000_100,23/02/2026,MWG,-800.0,1832000,169053770000.0
2026-02-23 11:24:51,92.0,2000,sell,2026-02-23_112451_920000_2000,23/02/2026,MWG,-800.0,1834000,169237770000.0
2026-02-23 11:24:54,92.0,900,sell,2026-02-23_112454_920000_900,23/02/2026,MWG,-800.0,1834900,169320570000.0
2026-02-23 11:25:06,92.1,100,buy,2026-02-23_112506_921000_100,23/02/2026,MWG,-700.0,1835000,169329780000.0
2026-02-23 11:25:13,92.1,100,buy,2026-02-23_112513_921000_100,23/02/2026,MWG,-700.0,1835100,169338990000.0
2026-02-23 11:25:48,92.1,100,buy,2026-02-23_112548_921000_100,23/02/2026,MWG,-700.0,1835200,169348200000.0
2026-02-23 11:25:51,92.0,300,sell,2026-02-23_112551_920000_300,23/02/2026,MWG,-800.0,1835500,169375800000.0
2026-02-23 11:25:53,92.1,200,buy,2026-02-23_112553_921000_200,23/02/2026,MWG,-700.0,1836400,169458620000.0
2026-02-23 11:25:53,92.0,700,sell,2026-02-23_112553_920000_700,23/02/2026,MWG,-800.0,1836200,169440200000.0
2026-02-23 11:26:06,92.1,100,buy,2026-02-23_112606_921000_100,23/02/2026,MWG,-700.0,1836500,169467830000.0
2026-02-23 11:26:17,92.0,300,sell,2026-02-23_112617_920000_300,23/02/2026,MWG,-800.0,1836800,169495430000.0
2026-02-23 11:26:27,92.0,900,sell,2026-02-23_112627_920000_900,23/02/2026,MWG,-800.0,1837700,169578230000.0
2026-02-23 11:26:34,92.1,300,buy,2026-02-23_112634_921000_300,23/02/2026,MWG,-700.0,1838000,169605860000.0
2026-02-23 11:26:44,92.1,500,buy,2026-02-23_112644_921000_500,23/02/2026,MWG,-700.0,1838500,169651910000.0
2026-02-23 11:26:45,92.1,200,buy,2026-02-23_112645_921000_200,23/02/2026,MWG,-700.0,1838700,169670330000.0
2026-02-23 11:26:50,92.1,6800,buy,2026-02-23_112650_921000_6800,23/02/2026,MWG,-700.0,1845500,170296610000.0
2026-02-23 11:26:58,92.0,5000,sell,2026-02-23_112658_920000_5000,23/02/2026,MWG,-800.0,1850500,170756610000.0
2026-02-23 11:27:00,92.0,900,sell,2026-02-23_112700_920000_900,23/02/2026,MWG,-800.0,1851400,170839410000.0
2026-02-23 11:27:01,92.0,5000,sell,2026-02-23_112701_920000_5000,23/02/2026,MWG,-800.0,1856400,171299410000.0
2026-02-23 11:27:02,92.0,800,sell,2026-02-23_112702_920000_800,23/02/2026,MWG,-800.0,1857200,171373010000.0
2026-02-23 11:27:06,92.1,100,buy,2026-02-23_112706_921000_100,23/02/2026,MWG,-700.0,1857300,171382220000.0
2026-02-23 11:27:15,92.1,100,buy,2026-02-23_112715_921000_100,23/02/2026,MWG,-700.0,1857400,171391430000.0
2026-02-23 11:27:23,92.1,100,buy,2026-02-23_112723_921000_100,23/02/2026,MWG,-700.0,1857500,171400640000.0
2026-02-23 11:27:24,92.1,20000,buy,2026-02-23_112724_921000_20000,23/02/2026,MWG,-700.0,1877500,173242640000.0
2026-02-23 11:27:27,92.1,42400,buy,2026-02-23_112727_921000_42400,23/02/2026,MWG,-700.0,1919900,177147680000.0
2026-02-23 11:27:27,92.1,300,sell,2026-02-23_112727_921000_300,23/02/2026,MWG,-700.0,1920200,177175310000.0
2026-02-23 11:27:32,92.1,1000,sell,2026-02-23_112732_921000_1000,23/02/2026,MWG,-700.0,1921200,177267410000.0
2026-02-23 11:27:44,92.1,500,sell,2026-02-23_112744_921000_500,23/02/2026,MWG,-700.0,1921700,177313460000.0
2026-02-23 11:27:45,92.1,2000,sell,2026-02-23_112745_921000_2000,23/02/2026,MWG,-700.0,1923700,177497660000.0
2026-02-23 11:27:48,92.1,900,sell,2026-02-23_112748_921000_900,23/02/2026,MWG,-700.0,1924600,177580550000.0
2026-02-23 11:27:54,92.1,100,sell,2026-02-23_112754_921000_100,23/02/2026,MWG,-700.0,1924700,177589760000.0
2026-02-23 11:28:04,92.1,900,sell,2026-02-23_112804_921000_900,23/02/2026,MWG,-700.0,1925600,177672650000.0
2026-02-23 11:28:06,92.2,200,buy,2026-02-23_112806_922000_200,23/02/2026,MWG,-600.0,1925800,177691090000.0
2026-02-23 11:28:07,92.2,100,buy,2026-02-23_112807_922000_100,23/02/2026,MWG,-600.0,1925900,177700310000.0
2026-02-23 11:28:18,92.2,200,buy,2026-02-23_112818_922000_200,23/02/2026,MWG,-600.0,1926100,177718750000.0
2026-02-23 11:28:21,92.2,200,buy,2026-02-23_112821_922000_200,23/02/2026,MWG,-600.0,1926300,177737190000.0
2026-02-23 11:28:27,92.1,500,sell,2026-02-23_112827_921000_500,23/02/2026,MWG,-700.0,1926800,177783240000.0
2026-02-23 11:28:36,92.1,900,sell,2026-02-23_112836_921000_900,23/02/2026,MWG,-700.0,1927700,177866130000.0
2026-02-23 11:28:41,92.1,1000,sell,2026-02-23_112841_921000_1000,23/02/2026,MWG,-700.0,1928700,177958230000.0
2026-02-23 11:28:48,92.1,2600,sell,2026-02-23_112848_921000_2600,23/02/2026,MWG,-700.0,1931300,178197690000.0
2026-02-23 11:28:52,92.1,900,sell,2026-02-23_112852_921000_900,23/02/2026,MWG,-700.0,1932200,178280580000.0
2026-02-23 11:28:53,92.1,40300,sell,2026-02-23_112853_921000_40300,23/02/2026,MWG,-700.0,1972500,181992210000.0
2026-02-23 11:29:01,92.1,100,buy,2026-02-23_112901_921000_100,23/02/2026,MWG,-700.0,1972600,182001420000.0
2026-02-23 11:29:06,92.1,200,buy,2026-02-23_112906_921000_200,23/02/2026,MWG,-700.0,1972800,182019840000.0
2026-02-23 11:29:12,92.0,500,sell,2026-02-23_112912_920000_500,23/02/2026,MWG,-800.0,1973300,182065840000.0
2026-02-23 11:29:18,92.1,200,buy,2026-02-23_112918_921000_200,23/02/2026,MWG,-700.0,1973500,182084260000.0
2026-02-23 11:29:23,92.1,100,buy,2026-02-23_112923_921000_100,23/02/2026,MWG,-700.0,1973600,182093470000.0
2026-02-23 11:29:31,92.1,100,buy,2026-02-23_112931_921000_100,23/02/2026,MWG,-700.0,1973700,182102680000.0
2026-02-23 11:29:45,92.0,5000,sell,2026-02-23_112945_920000_5000,23/02/2026,MWG,-800.0,1978700,182562680000.0
2026-02-23 11:29:47,92.0,5000,sell,2026-02-23_112947_920000_5000,23/02/2026,MWG,-800.0,1983700,183022680000.0
2026-02-23 11:29:56,92.0,1000,sell,2026-02-23_112956_920000_1000,23/02/2026,MWG,-800.0,1984700,183114680000.0
2026-02-23 11:29:57,92.0,4000,sell,2026-02-23_112957_920000_4000,23/02/2026,MWG,-800.0,1988700,183482680000.0
2026-02-23 11:29:59,92.1,200,buy,2026-02-23_112959_921000_200,23/02/2026,MWG,-700.0,1988900,183501100000.0
2026-02-23 13:00:09,92.1,100,buy,2026-02-23_130009_921000_100,23/02/2026,MWG,-700.0,1989000,183510310000.0
2026-02-23 13:00:12,92.1,200,buy,2026-02-23_130012_921000_200,23/02/2026,MWG,-700.0,1989200,183528730000.0
2026-02-23 13:00:16,92.1,500,buy,2026-02-23_130016_921000_500,23/02/2026,MWG,-700.0,1989700,183574780000.0
2026-02-23 13:00:20,92.1,200,buy,2026-02-23_130020_921000_200,23/02/2026,MWG,-700.0,1989900,183593200000.0
2026-02-23 13:00:21,92.1,200,buy,2026-02-23_130021_921000_200,23/02/2026,MWG,-700.0,1990100,183611620000.0
2026-02-23 13:00:22,92.1,100,buy,2026-02-23_130022_921000_100,23/02/2026,MWG,-700.0,1990300,183630030000.0
2026-02-23 13:00:22,92.0,100,sell,2026-02-23_130022_920000_100,23/02/2026,MWG,-800.0,1990200,183620820000.0
2026-02-23 13:00:24,92.1,100,buy,2026-02-23_130024_921000_100,23/02/2026,MWG,-700.0,1990400,183639240000.0
2026-02-23 13:00:27,92.0,8200,sell,2026-02-23_130027_920000_8200,23/02/2026,MWG,-800.0,1998800,184412040000.0
2026-02-23 13:00:27,92.0,200,sell,2026-02-23_130027_920000_200,23/02/2026,MWG,-800.0,1990600,183657640000.0
2026-02-23 13:00:29,92.1,500,buy,2026-02-23_130029_921000_500,23/02/2026,MWG,-700.0,1999300,184458090000.0
2026-02-23 13:00:31,92.1,1300,buy,2026-02-23_130031_921000_1300,23/02/2026,MWG,-700.0,2000600,184577820000.0
2026-02-23 13:00:32,92.1,100,buy,2026-02-23_130032_921000_100,23/02/2026,MWG,-700.0,2020200,186382980000.0
2026-02-23 13:00:32,92.1,19500,buy,2026-02-23_130032_921000_19500,23/02/2026,MWG,-700.0,2020100,186373770000.0
2026-02-23 13:00:33,92.1,400,buy,2026-02-23_130033_921000_400,23/02/2026,MWG,-700.0,2020600,186419820000.0
2026-02-23 13:00:36,92.1,100,buy,2026-02-23_130036_921000_100,23/02/2026,MWG,-700.0,2020700,186429030000.0
2026-02-23 13:00:37,92.1,2000,buy,2026-02-23_130037_921000_2000,23/02/2026,MWG,-700.0,2022700,186613230000.0
2026-02-23 13:00:39,92.1,1200,sell,2026-02-23_130039_921000_1200,23/02/2026,MWG,-700.0,2023900,186723750000.0
2026-02-23 13:00:40,92.1,1200,sell,2026-02-23_130040_921000_1200,23/02/2026,MWG,-700.0,2026300,186944790000.0
2026-02-23 13:00:41,92.1,1000,sell,2026-02-23_130041_921000_1000,23/02/2026,MWG,-700.0,2027400,187046110000.0
2026-02-23 13:00:41,92.2,100,buy,2026-02-23_130041_922000_100,23/02/2026,MWG,-600.0,2026400,186954010000.0
2026-02-23 13:00:41,92.1,2500,sell,2026-02-23_130041_921000_2500,23/02/2026,MWG,-700.0,2029900,187276360000.0
2026-02-23 13:00:42,92.1,1200,sell,2026-02-23_130042_921000_1200,23/02/2026,MWG,-700.0,2031200,187396100000.0
2026-02-23 13:00:42,92.2,100,buy,2026-02-23_130042_922000_100,23/02/2026,MWG,-600.0,2030000,187285580000.0
2026-02-23 13:00:50,92.1,200,sell,2026-02-23_130050_921000_200,23/02/2026,MWG,-700.0,2031400,187414520000.0
2026-02-23 13:00:55,92.1,1200,sell,2026-02-23_130055_921000_1200,23/02/2026,MWG,-700.0,2032600,187525040000.0
2026-02-23 13:01:00,92.1,900,sell,2026-02-23_130100_921000_900,23/02/2026,MWG,-700.0,2033500,187607930000.0
2026-02-23 13:01:05,92.1,300,sell,2026-02-23_130105_921000_300,23/02/2026,MWG,-700.0,2033800,187635560000.0
2026-02-23 13:01:08,92.1,1200,sell,2026-02-23_130108_921000_1200,23/02/2026,MWG,-700.0,2035000,187746080000.0
2026-02-23 13:01:15,92.2,100,buy,2026-02-23_130115_922000_100,23/02/2026,MWG,-600.0,2035100,187755300000.0
2026-02-23 13:01:23,92.1,500,sell,2026-02-23_130123_921000_500,23/02/2026,MWG,-700.0,2035600,187801350000.0
2026-02-23 13:01:25,92.1,5000,sell,2026-02-23_130125_921000_5000,23/02/2026,MWG,-700.0,2040600,188261850000.0
2026-02-23 13:01:25,92.1,200,sell,2026-02-23_130125_921000_200,23/02/2026,MWG,-700.0,2040800,188280270000.0
2026-02-23 13:01:27,92.1,5000,sell,2026-02-23_130127_921000_5000,23/02/2026,MWG,-700.0,2045800,188740770000.0
2026-02-23 13:01:28,92.2,8000,buy,2026-02-23_130128_922000_8000,23/02/2026,MWG,-600.0,2053800,189478370000.0
2026-02-23 13:01:35,92.1,2000,sell,2026-02-23_130135_921000_2000,23/02/2026,MWG,-700.0,2055800,189662570000.0
2026-02-23 13:01:45,92.1,200,sell,2026-02-23_130145_921000_200,23/02/2026,MWG,-700.0,2056000,189680990000.0
2026-02-23 13:01:48,92.1,1300,sell,2026-02-23_130148_921000_1300,23/02/2026,MWG,-700.0,2057300,189800720000.0
2026-02-23 13:01:53,92.1,100,sell,2026-02-23_130153_921000_100,23/02/2026,MWG,-700.0,2057400,189809930000.0
2026-02-23 13:02:01,92.1,1200,sell,2026-02-23_130201_921000_1200,23/02/2026,MWG,-700.0,2058600,189920450000.0
2026-02-23 13:02:08,92.1,500,sell,2026-02-23_130208_921000_500,23/02/2026,MWG,-700.0,2059100,189966500000.0
2026-02-23 13:02:15,92.1,1200,sell,2026-02-23_130215_921000_1200,23/02/2026,MWG,-700.0,2060300,190077020000.0
2026-02-23 13:02:28,92.1,1200,sell,2026-02-23_130228_921000_1200,23/02/2026,MWG,-700.0,2061500,190187540000.0
2026-02-23 13:02:42,92.1,1200,sell,2026-02-23_130242_921000_1200,23/02/2026,MWG,-700.0,2062700,190298060000.0
2026-02-23 13:02:48,92.1,1500,sell,2026-02-23_130248_921000_1500,23/02/2026,MWG,-700.0,2064200,190436210000.0
2026-02-23 13:02:53,92.1,500,sell,2026-02-23_130253_921000_500,23/02/2026,MWG,-700.0,2064700,190482260000.0
2026-02-23 13:02:55,92.1,1200,sell,2026-02-23_130255_921000_1200,23/02/2026,MWG,-700.0,2065900,190592780000.0
2026-02-23 13:03:08,92.1,1200,sell,2026-02-23_130308_921000_1200,23/02/2026,MWG,-700.0,2067100,190703300000.0
2026-02-23 13:03:13,92.1,600,sell,2026-02-23_130313_921000_600,23/02/2026,MWG,-700.0,2067700,190758560000.0
2026-02-23 13:03:22,92.1,1300,sell,2026-02-23_130322_921000_1300,23/02/2026,MWG,-700.0,2069000,190878290000.0
2026-02-23 13:03:23,92.1,1500,sell,2026-02-23_130323_921000_1500,23/02/2026,MWG,-700.0,2070500,191016440000.0
2026-02-23 13:03:28,92.2,100,buy,2026-02-23_130328_922000_100,23/02/2026,MWG,-600.0,2070600,191025660000.0
2026-02-23 13:03:36,92.1,2000,sell,2026-02-23_130336_921000_2000,23/02/2026,MWG,-700.0,2072600,191209860000.0
2026-02-23 13:03:38,92.1,500,sell,2026-02-23_130338_921000_500,23/02/2026,MWG,-700.0,2073100,191255910000.0
2026-02-23 13:03:44,92.1,500,sell,2026-02-23_130344_921000_500,23/02/2026,MWG,-700.0,2073600,191301960000.0
2026-02-23 13:03:48,92.1,3100,sell,2026-02-23_130348_921000_3100,23/02/2026,MWG,-700.0,2076700,191587470000.0
2026-02-23 13:03:49,92.1,1200,sell,2026-02-23_130349_921000_1200,23/02/2026,MWG,-700.0,2077900,191697990000.0
2026-02-23 13:04:02,92.1,1200,sell,2026-02-23_130402_921000_1200,23/02/2026,MWG,-700.0,2079100,191808510000.0
2026-02-23 13:04:15,92.1,1200,sell,2026-02-23_130415_921000_1200,23/02/2026,MWG,-700.0,2080300,191919030000.0
2026-02-23 13:04:15,92.2,100,buy,2026-02-23_130415_922000_100,23/02/2026,MWG,-600.0,2080400,191928250000.0
2026-02-23 13:04:24,92.1,500,sell,2026-02-23_130424_921000_500,23/02/2026,MWG,-700.0,2080900,191974300000.0
2026-02-23 13:04:26,92.1,1000,sell,2026-02-23_130426_921000_1000,23/02/2026,MWG,-700.0,2081900,192066400000.0
2026-02-23 13:04:29,92.1,1200,sell,2026-02-23_130429_921000_1200,23/02/2026,MWG,-700.0,2083100,192176920000.0
2026-02-23 13:04:33,92.1,1000,sell,2026-02-23_130433_921000_1000,23/02/2026,MWG,-700.0,2084100,192269020000.0
2026-02-23 13:04:34,92.1,300,sell,2026-02-23_130434_921000_300,23/02/2026,MWG,-700.0,2084400,192296650000.0
2026-02-23 13:04:36,92.1,1500,sell,2026-02-23_130436_921000_1500,23/02/2026,MWG,-700.0,2085900,192434800000.0
2026-02-23 13:04:42,92.1,1200,sell,2026-02-23_130442_921000_1200,23/02/2026,MWG,-700.0,2087100,192545320000.0
2026-02-23 13:04:50,92.1,100,sell,2026-02-23_130450_921000_100,23/02/2026,MWG,-700.0,2087200,192554530000.0
2026-02-23 13:04:53,92.1,1000,sell,2026-02-23_130453_921000_1000,23/02/2026,MWG,-700.0,2088200,192646630000.0
2026-02-23 13:04:54,92.1,1600,sell,2026-02-23_130454_921000_1600,23/02/2026,MWG,-700.0,2089800,192793990000.0
2026-02-23 13:04:55,92.1,1200,sell,2026-02-23_130455_921000_1200,23/02/2026,MWG,-700.0,2091000,192904510000.0
2026-02-23 13:04:56,92.2,100,buy,2026-02-23_130456_922000_100,23/02/2026,MWG,-600.0,2091100,192913730000.0
2026-02-23 13:05:06,92.1,3500,sell,2026-02-23_130506_921000_3500,23/02/2026,MWG,-700.0,2094600,193236080000.0
2026-02-23 13:05:06,92.1,2000,sell,2026-02-23_130506_921000_2000,23/02/2026,MWG,-700.0,2096600,193420280000.0
2026-02-23 13:05:09,92.1,1800,sell,2026-02-23_130509_921000_1800,23/02/2026,MWG,-700.0,2098400,193586060000.0
2026-02-23 13:05:16,92.1,100,sell,2026-02-23_130516_921000_100,23/02/2026,MWG,-700.0,2098500,193595270000.0
2026-02-23 13:05:22,92.1,1200,sell,2026-02-23_130522_921000_1200,23/02/2026,MWG,-700.0,2099700,193705790000.0
2026-02-23 13:05:24,92.1,300,sell,2026-02-23_130524_921000_300,23/02/2026,MWG,-700.0,2100000,193733420000.0
2026-02-23 13:05:36,92.1,1200,sell,2026-02-23_130536_921000_1200,23/02/2026,MWG,-700.0,2101200,193843940000.0
2026-02-23 13:05:40,92.2,100,buy,2026-02-23_130540_922000_100,23/02/2026,MWG,-600.0,2101300,193853160000.0
2026-02-23 13:05:54,92.1,500,sell,2026-02-23_130554_921000_500,23/02/2026,MWG,-700.0,2101800,193899210000.0
2026-02-23 13:06:02,92.1,1200,sell,2026-02-23_130602_921000_1200,23/02/2026,MWG,-700.0,2103000,194009730000.0
2026-02-23 13:06:16,92.1,1200,sell,2026-02-23_130616_921000_1200,23/02/2026,MWG,-700.0,2104200,194120250000.0
2026-02-23 13:06:24,92.1,1400,sell,2026-02-23_130624_921000_1400,23/02/2026,MWG,-700.0,2105600,194249190000.0
2026-02-23 13:06:29,92.1,1200,sell,2026-02-23_130629_921000_1200,23/02/2026,MWG,-700.0,2106800,194359710000.0
2026-02-23 13:06:31,92.1,2000,sell,2026-02-23_130631_921000_2000,23/02/2026,MWG,-700.0,2108800,194543910000.0
2026-02-23 13:06:32,92.1,2200,sell,2026-02-23_130632_921000_2200,23/02/2026,MWG,-700.0,2111000,194746530000.0
2026-02-23 13:06:37,92.1,200,sell,2026-02-23_130637_921000_200,23/02/2026,MWG,-700.0,2111200,194764950000.0
2026-02-23 13:06:39,92.1,500,sell,2026-02-23_130639_921000_500,23/02/2026,MWG,-700.0,2111700,194811000000.0
2026-02-23 13:06:43,92.1,1200,sell,2026-02-23_130643_921000_1200,23/02/2026,MWG,-700.0,2112900,194921520000.0
2026-02-23 13:06:54,92.1,1000,sell,2026-02-23_130654_921000_1000,23/02/2026,MWG,-700.0,2113900,195013620000.0
2026-02-23 13:06:56,92.1,1300,sell,2026-02-23_130656_921000_1300,23/02/2026,MWG,-700.0,2115200,195133350000.0
2026-02-23 13:07:10,92.1,1200,sell,2026-02-23_130710_921000_1200,23/02/2026,MWG,-700.0,2116400,195243870000.0
2026-02-23 13:07:12,92.2,100,buy,2026-02-23_130712_922000_100,23/02/2026,MWG,-600.0,2116500,195253090000.0
2026-02-23 13:07:18,92.1,1000,sell,2026-02-23_130718_921000_1000,23/02/2026,MWG,-700.0,2117500,195345190000.0
2026-02-23 13:07:23,92.1,1400,sell,2026-02-23_130723_921000_1400,23/02/2026,MWG,-700.0,2118900,195474130000.0
2026-02-23 13:07:24,92.1,500,sell,2026-02-23_130724_921000_500,23/02/2026,MWG,-700.0,2119400,195520180000.0
2026-02-23 13:07:25,92.2,100,buy,2026-02-23_130725_922000_100,23/02/2026,MWG,-600.0,2119500,195529400000.0
2026-02-23 13:07:33,92.2,800,buy,2026-02-23_130733_922000_800,23/02/2026,MWG,-600.0,2120300,195603160000.0
2026-02-23 13:07:35,92.2,50000,buy,2026-02-23_130735_922000_50000,23/02/2026,MWG,-600.0,2170300,200213160000.0
2026-02-23 13:07:42,92.2,100,buy,2026-02-23_130742_922000_100,23/02/2026,MWG,-600.0,2170400,200222380000.0
2026-02-23 13:07:48,92.2,1000,buy,2026-02-23_130748_922000_1000,23/02/2026,MWG,-600.0,2171400,200314580000.0
2026-02-23 13:07:49,92.2,100,buy,2026-02-23_130749_922000_100,23/02/2026,MWG,-600.0,2171500,200323800000.0
2026-02-23 13:07:52,92.2,1000,buy,2026-02-23_130752_922000_1000,23/02/2026,MWG,-600.0,2172500,200416000000.0
2026-02-23 13:07:52,92.2,700,buy,2026-02-23_130752_922000_700,23/02/2026,MWG,-600.0,2173200,200480540000.0
2026-02-23 13:07:56,92.2,100,buy,2026-02-23_130756_922000_100,23/02/2026,MWG,-600.0,2173300,200489760000.0
2026-02-23 13:08:02,92.2,28000,buy,2026-02-23_130802_922000_28000,23/02/2026,MWG,-600.0,2201300,203071360000.0
2026-02-23 13:08:03,92.2,1200,sell,2026-02-23_130803_922000_1200,23/02/2026,MWG,-600.0,2202500,203182000000.0
2026-02-23 13:08:05,92.2,300,sell,2026-02-23_130805_922000_300,23/02/2026,MWG,-600.0,2202800,203209660000.0
2026-02-23 13:08:10,92.2,500,sell,2026-02-23_130810_922000_500,23/02/2026,MWG,-600.0,2203300,203255760000.0
2026-02-23 13:08:12,92.3,5000,buy,2026-02-23_130812_923000_5000,23/02/2026,MWG,-500.0,2208300,203717260000.0
2026-02-23 13:08:39,92.3,100,buy,2026-02-23_130839_923000_100,23/02/2026,MWG,-500.0,2208400,203726490000.0
2026-02-23 13:08:55,92.2,500,sell,2026-02-23_130855_922000_500,23/02/2026,MWG,-600.0,2208900,203772590000.0
2026-02-23 13:08:56,92.2,1200,sell,2026-02-23_130856_922000_1200,23/02/2026,MWG,-600.0,2210100,203883230000.0
2026-02-23 13:09:08,92.3,400,buy,2026-02-23_130908_923000_400,23/02/2026,MWG,-500.0,2210500,203920150000.0
2026-02-23 13:09:25,92.3,100,buy,2026-02-23_130925_923000_100,23/02/2026,MWG,-500.0,2210600,203929380000.0
2026-02-23 13:09:27,92.2,2000,sell,2026-02-23_130927_922000_2000,23/02/2026,MWG,-600.0,2212600,204113780000.0
2026-02-23 13:09:30,92.2,2000,sell,2026-02-23_130930_922000_2000,23/02/2026,MWG,-600.0,2214600,204298180000.0
2026-02-23 13:09:33,92.3,400,buy,2026-02-23_130933_923000_400,23/02/2026,MWG,-500.0,2215000,204335100000.0
2026-02-23 13:09:39,92.3,800,buy,2026-02-23_130939_923000_800,23/02/2026,MWG,-500.0,2215800,204408940000.0
2026-02-23 13:09:40,92.2,500,sell,2026-02-23_130940_922000_500,23/02/2026,MWG,-600.0,2216300,204455040000.0
2026-02-23 13:09:41,92.2,20000,sell,2026-02-23_130941_922000_20000,23/02/2026,MWG,-600.0,2236300,206299040000.0
2026-02-23 13:09:49,92.2,1200,sell,2026-02-23_130949_922000_1200,23/02/2026,MWG,-600.0,2237500,206409680000.0
2026-02-23 13:10:00,92.2,4000,sell,2026-02-23_131000_922000_4000,23/02/2026,MWG,-600.0,2241500,206778480000.0
2026-02-23 13:10:03,92.2,1200,sell,2026-02-23_131003_922000_1200,23/02/2026,MWG,-600.0,2242700,206889120000.0
2026-02-23 13:10:10,92.2,2200,sell,2026-02-23_131010_922000_2200,23/02/2026,MWG,-600.0,2244900,207091960000.0
2026-02-23 13:10:13,92.2,400,sell,2026-02-23_131013_922000_400,23/02/2026,MWG,-600.0,2245300,207128840000.0
2026-02-23 13:10:15,92.2,700,sell,2026-02-23_131015_922000_700,23/02/2026,MWG,-600.0,2246300,207221040000.0
2026-02-23 13:10:15,92.2,300,sell,2026-02-23_131015_922000_300,23/02/2026,MWG,-600.0,2245600,207156500000.0
2026-02-23 13:10:17,92.2,500,sell,2026-02-23_131017_922000_500,23/02/2026,MWG,-600.0,2248100,207387000000.0
2026-02-23 13:10:17,92.2,1300,sell,2026-02-23_131017_922000_1300,23/02/2026,MWG,-600.0,2247600,207340900000.0
2026-02-23 13:10:21,92.2,400,sell,2026-02-23_131021_922000_400,23/02/2026,MWG,-600.0,2248500,207423880000.0
2026-02-23 13:10:25,92.2,500,sell,2026-02-23_131025_922000_500,23/02/2026,MWG,-600.0,2249000,207469980000.0
2026-02-23 13:10:25,92.2,2200,sell,2026-02-23_131025_922000_2200,23/02/2026,MWG,-600.0,2251200,207672820000.0
2026-02-23 13:10:28,92.2,300,sell,2026-02-23_131028_922000_300,23/02/2026,MWG,-600.0,2251500,207700480000.0
2026-02-23 13:10:29,92.2,200,sell,2026-02-23_131029_922000_200,23/02/2026,MWG,-600.0,2251700,207718920000.0
2026-02-23 13:10:30,92.2,1200,sell,2026-02-23_131030_922000_1200,23/02/2026,MWG,-600.0,2252900,207829560000.0
2026-02-23 13:10:43,92.2,1200,sell,2026-02-23_131043_922000_1200,23/02/2026,MWG,-600.0,2254100,207940200000.0
2026-02-23 13:10:56,92.2,100,sell,2026-02-23_131056_922000_100,23/02/2026,MWG,-600.0,2254200,207949420000.0
2026-02-23 13:10:57,92.2,1200,sell,2026-02-23_131057_922000_1200,23/02/2026,MWG,-600.0,2255400,208060060000.0
2026-02-23 13:10:58,92.2,800,sell,2026-02-23_131058_922000_800,23/02/2026,MWG,-600.0,2256200,208133820000.0
2026-02-23 13:11:09,92.2,5500,sell,2026-02-23_131109_922000_5500,23/02/2026,MWG,-600.0,2261700,208640920000.0
2026-02-23 13:11:10,92.2,1200,sell,2026-02-23_131110_922000_1200,23/02/2026,MWG,-600.0,2262900,208751560000.0
2026-02-23 13:11:10,92.2,500,sell,2026-02-23_131110_922000_500,23/02/2026,MWG,-600.0,2263400,208797660000.0
2026-02-23 13:11:14,92.2,2600,sell,2026-02-23_131114_922000_2600,23/02/2026,MWG,-600.0,2266000,209037380000.0
2026-02-23 13:11:20,92.2,1000,sell,2026-02-23_131120_922000_1000,23/02/2026,MWG,-600.0,2267000,209129580000.0
2026-02-23 13:11:23,92.2,2200,sell,2026-02-23_131123_922000_2200,23/02/2026,MWG,-600.0,2269200,209332420000.0
2026-02-23 13:11:26,92.2,500,sell,2026-02-23_131126_922000_500,23/02/2026,MWG,-600.0,2269700,209378520000.0
2026-02-23 13:11:27,92.2,1000,sell,2026-02-23_131127_922000_1000,23/02/2026,MWG,-600.0,2270700,209470720000.0
2026-02-23 13:11:30,92.2,300,buy,2026-02-23_131130_922000_300,23/02/2026,MWG,-600.0,2271100,209507590000.0
2026-02-23 13:11:30,92.1,100,sell,2026-02-23_131130_921000_100,23/02/2026,MWG,-700.0,2270800,209479930000.0
2026-02-23 13:11:31,92.1,9000,sell,2026-02-23_131131_921000_9000,23/02/2026,MWG,-700.0,2280100,210336490000.0
2026-02-23 13:11:32,92.2,500,buy,2026-02-23_131132_922000_500,23/02/2026,MWG,-600.0,2280600,210382590000.0
2026-02-23 13:11:33,92.1,300,sell,2026-02-23_131133_921000_300,23/02/2026,MWG,-700.0,2280900,210410220000.0
2026-02-23 13:11:37,92.1,1200,sell,2026-02-23_131137_921000_1200,23/02/2026,MWG,-700.0,2282100,210520740000.0
2026-02-23 13:11:50,92.1,1200,sell,2026-02-23_131150_921000_1200,23/02/2026,MWG,-700.0,2283300,210631260000.0
2026-02-23 13:11:56,92.1,500,sell,2026-02-23_131156_921000_500,23/02/2026,MWG,-700.0,2283800,210677310000.0
2026-02-23 13:12:01,92.2,500,buy,2026-02-23_131201_922000_500,23/02/2026,MWG,-600.0,2284300,210723410000.0
2026-02-23 13:12:03,92.1,300,sell,2026-02-23_131203_921000_300,23/02/2026,MWG,-700.0,2284600,210751040000.0
2026-02-23 13:12:04,92.1,1300,sell,2026-02-23_131204_921000_1300,23/02/2026,MWG,-700.0,2286700,210944450000.0
2026-02-23 13:12:04,92.1,800,sell,2026-02-23_131204_921000_800,23/02/2026,MWG,-700.0,2285400,210824720000.0
2026-02-23 13:12:05,92.2,1000,buy,2026-02-23_131205_922000_1000,23/02/2026,MWG,-600.0,2287700,211036650000.0
2026-02-23 13:12:09,92.1,300,sell,2026-02-23_131209_921000_300,23/02/2026,MWG,-700.0,2288000,211064280000.0
2026-02-23 13:12:14,92.1,700,sell,2026-02-23_131214_921000_700,23/02/2026,MWG,-700.0,2288700,211128750000.0
2026-02-23 13:12:17,92.1,1200,sell,2026-02-23_131217_921000_1200,23/02/2026,MWG,-700.0,2289900,211239270000.0
2026-02-23 13:12:18,92.1,500,sell,2026-02-23_131218_921000_500,23/02/2026,MWG,-700.0,2290400,211285320000.0
2026-02-23 13:12:24,92.1,2000,sell,2026-02-23_131224_921000_2000,23/02/2026,MWG,-700.0,2292400,211469520000.0
2026-02-23 13:12:25,92.1,2200,sell,2026-02-23_131225_921000_2200,23/02/2026,MWG,-700.0,2294600,211672140000.0
2026-02-23 13:12:30,92.1,1200,sell,2026-02-23_131230_921000_1200,23/02/2026,MWG,-700.0,2295800,211782660000.0
2026-02-23 13:12:34,92.1,1800,sell,2026-02-23_131234_921000_1800,23/02/2026,MWG,-700.0,2297600,211948440000.0
2026-02-23 13:12:35,92.1,400,sell,2026-02-23_131235_921000_400,23/02/2026,MWG,-700.0,2298000,211985280000.0
2026-02-23 13:12:36,92.2,100,buy,2026-02-23_131236_922000_100,23/02/2026,MWG,-600.0,2298100,211994500000.0
2026-02-23 13:12:41,92.1,500,sell,2026-02-23_131241_921000_500,23/02/2026,MWG,-700.0,2298600,212040550000.0
2026-02-23 13:12:44,92.1,12900,sell,2026-02-23_131244_921000_12900,23/02/2026,MWG,-700.0,2311500,213228640000.0
2026-02-23 13:12:45,92.1,6400,buy,2026-02-23_131245_921000_6400,23/02/2026,MWG,-700.0,2317900,213818080000.0
2026-02-23 13:12:51,92.1,1500,buy,2026-02-23_131251_921000_1500,23/02/2026,MWG,-700.0,2319400,213956230000.0
2026-02-23 13:12:52,92.1,1000,buy,2026-02-23_131252_921000_1000,23/02/2026,MWG,-700.0,2320400,214048330000.0
2026-02-23 13:12:55,92.1,5000,buy,2026-02-23_131255_921000_5000,23/02/2026,MWG,-700.0,2325400,214508830000.0
2026-02-23 13:12:57,92.1,200,buy,2026-02-23_131257_921000_200,23/02/2026,MWG,-700.0,2325600,214527250000.0
2026-02-23 13:13:02,92.1,400,buy,2026-02-23_131302_921000_400,23/02/2026,MWG,-700.0,2326000,214564090000.0
2026-02-23 13:13:03,92.1,1000,buy,2026-02-23_131303_921000_1000,23/02/2026,MWG,-700.0,2327000,214656190000.0
2026-02-23 13:13:10,92.1,100,buy,2026-02-23_131310_921000_100,23/02/2026,MWG,-700.0,2327100,214665400000.0
2026-02-23 13:13:12,92.1,2100,buy,2026-02-23_131312_921000_2100,23/02/2026,MWG,-700.0,2329200,214858810000.0
2026-02-23 13:13:21,92.1,4500,sell,2026-02-23_131321_921000_4500,23/02/2026,MWG,-700.0,2333700,215273260000.0
2026-02-23 13:13:21,92.0,500,sell,2026-02-23_131321_920000_500,23/02/2026,MWG,-800.0,2334200,215319260000.0
2026-02-23 13:13:21,92.0,200,sell,2026-02-23_131321_920000_200,23/02/2026,MWG,-800.0,2334400,215337660000.0
2026-02-23 13:13:23,92.0,1000,sell,2026-02-23_131323_920000_1000,23/02/2026,MWG,-800.0,2335600,215448080000.0
2026-02-23 13:13:23,92.1,200,sell,2026-02-23_131323_921000_200,23/02/2026,MWG,-700.0,2334600,215356080000.0
2026-02-23 13:13:26,92.0,500,sell,2026-02-23_131326_920000_500,23/02/2026,MWG,-800.0,2336100,215494080000.0
2026-02-23 13:13:28,92.1,100,sell,2026-02-23_131328_921000_100,23/02/2026,MWG,-700.0,2336200,215503290000.0
2026-02-23 13:13:29,92.0,100,sell,2026-02-23_131329_920000_100,23/02/2026,MWG,-800.0,2336300,215512490000.0
2026-02-23 13:13:29,92.1,1000,buy,2026-02-23_131329_921000_1000,23/02/2026,MWG,-700.0,2337300,215604590000.0
2026-02-23 13:13:34,92.1,500,buy,2026-02-23_131334_921000_500,23/02/2026,MWG,-700.0,2337800,215650640000.0
2026-02-23 13:13:38,92.1,100,buy,2026-02-23_131338_921000_100,23/02/2026,MWG,-700.0,2337900,215659850000.0
2026-02-23 13:13:45,92.1,100,buy,2026-02-23_131345_921000_100,23/02/2026,MWG,-700.0,2338000,215669060000.0
2026-02-23 13:13:46,92.1,300,buy,2026-02-23_131346_921000_300,23/02/2026,MWG,-700.0,2338300,215696690000.0
2026-02-23 13:13:51,92.0,300,sell,2026-02-23_131351_920000_300,23/02/2026,MWG,-800.0,2338600,215724290000.0
2026-02-23 13:13:51,92.0,700,sell,2026-02-23_131351_920000_700,23/02/2026,MWG,-800.0,2339300,215788690000.0
2026-02-23 13:13:57,92.0,400,sell,2026-02-23_131357_920000_400,23/02/2026,MWG,-800.0,2339700,215825490000.0
2026-02-23 13:14:01,92.1,1400,buy,2026-02-23_131401_921000_1400,23/02/2026,MWG,-700.0,2341100,215954430000.0
2026-02-23 13:14:03,92.1,500,buy,2026-02-23_131403_921000_500,23/02/2026,MWG,-700.0,2341600,216000480000.0
2026-02-23 13:14:09,92.1,500,buy,2026-02-23_131409_921000_500,23/02/2026,MWG,-700.0,2342100,216046530000.0
2026-02-23 13:14:11,92.0,500,sell,2026-02-23_131411_920000_500,23/02/2026,MWG,-800.0,2342600,216092530000.0
2026-02-23 13:14:14,92.1,200,buy,2026-02-23_131414_921000_200,23/02/2026,MWG,-700.0,2342800,216110950000.0
2026-02-23 13:14:15,92.1,100,buy,2026-02-23_131415_921000_100,23/02/2026,MWG,-700.0,2342900,216120160000.0
2026-02-23 13:14:19,92.0,300,sell,2026-02-23_131419_920000_300,23/02/2026,MWG,-800.0,2343400,216166180000.0
2026-02-23 13:14:19,92.1,200,buy,2026-02-23_131419_921000_200,23/02/2026,MWG,-700.0,2343100,216138580000.0
2026-02-23 13:14:21,92.0,3000,sell,2026-02-23_131421_920000_3000,23/02/2026,MWG,-800.0,2346400,216442180000.0
2026-02-23 13:14:26,92.1,100,buy,2026-02-23_131426_921000_100,23/02/2026,MWG,-700.0,2346500,216451390000.0
2026-02-23 13:14:28,92.1,500,buy,2026-02-23_131428_921000_500,23/02/2026,MWG,-700.0,2347000,216497440000.0
2026-02-23 13:14:56,92.0,500,sell,2026-02-23_131456_920000_500,23/02/2026,MWG,-800.0,2347500,216543440000.0
2026-02-23 13:14:58,92.0,1200,sell,2026-02-23_131458_920000_1200,23/02/2026,MWG,-800.0,2348700,216653840000.0
2026-02-23 13:14:59,92.1,100,buy,2026-02-23_131459_921000_100,23/02/2026,MWG,-700.0,2348800,216663050000.0
2026-02-23 13:15:02,92.0,300,sell,2026-02-23_131502_920000_300,23/02/2026,MWG,-800.0,2349100,216690650000.0
2026-02-23 13:15:06,92.1,100,buy,2026-02-23_131506_921000_100,23/02/2026,MWG,-700.0,2349200,216699860000.0
2026-02-23 13:15:07,92.1,200,buy,2026-02-23_131507_921000_200,23/02/2026,MWG,-700.0,2349400,216718280000.0
2026-02-23 13:15:12,92.1,100,buy,2026-02-23_131512_921000_100,23/02/2026,MWG,-700.0,2349500,216727490000.0
2026-02-23 13:15:18,92.1,100,buy,2026-02-23_131518_921000_100,23/02/2026,MWG,-700.0,2349600,216736700000.0
2026-02-23 13:15:20,92.0,2900,sell,2026-02-23_131520_920000_2900,23/02/2026,MWG,-800.0,2352500,217003500000.0
2026-02-23 13:15:23,92.0,1300,sell,2026-02-23_131523_920000_1300,23/02/2026,MWG,-800.0,2353800,217123100000.0
2026-02-23 13:15:29,92.1,2000,buy,2026-02-23_131529_921000_2000,23/02/2026,MWG,-700.0,2355800,217307300000.0
2026-02-23 13:15:32,92.0,7600,sell,2026-02-23_131532_920000_7600,23/02/2026,MWG,-800.0,2363400,218006500000.0
2026-02-23 13:15:34,92.1,300,buy,2026-02-23_131534_921000_300,23/02/2026,MWG,-700.0,2363700,218034130000.0
2026-02-23 13:15:35,92.0,400,sell,2026-02-23_131535_920000_400,23/02/2026,MWG,-800.0,2365900,218236530000.0
2026-02-23 13:15:35,92.0,1800,sell,2026-02-23_131535_920000_1800,23/02/2026,MWG,-800.0,2365500,218199730000.0
2026-02-23 13:15:38,92.0,1200,sell,2026-02-23_131538_920000_1200,23/02/2026,MWG,-800.0,2367100,218346930000.0
2026-02-23 13:15:39,92.0,300,sell,2026-02-23_131539_920000_300,23/02/2026,MWG,-800.0,2367400,218374530000.0
2026-02-23 13:15:39,92.0,1700,sell,2026-02-23_131539_920000_1700,23/02/2026,MWG,-800.0,2369100,218530930000.0
2026-02-23 13:15:41,92.1,200,buy,2026-02-23_131541_921000_200,23/02/2026,MWG,-700.0,2369300,218549350000.0
2026-02-23 13:15:42,92.0,500,sell,2026-02-23_131542_920000_500,23/02/2026,MWG,-800.0,2369800,218595350000.0
2026-02-23 13:15:42,92.1,500,buy,2026-02-23_131542_921000_500,23/02/2026,MWG,-700.0,2370300,218641400000.0
2026-02-23 13:15:46,92.0,300,sell,2026-02-23_131546_920000_300,23/02/2026,MWG,-800.0,2370600,218669000000.0
2026-02-23 13:15:51,92.0,1200,sell,2026-02-23_131551_920000_1200,23/02/2026,MWG,-800.0,2371800,218779400000.0
2026-02-23 13:16:02,92.1,100,buy,2026-02-23_131602_921000_100,23/02/2026,MWG,-700.0,2371900,218788610000.0
2026-02-23 13:16:03,92.0,37000,sell,2026-02-23_131603_920000_37000,23/02/2026,MWG,-800.0,2408900,222192610000.0
2026-02-23 13:16:05,92.0,1200,sell,2026-02-23_131605_920000_1200,23/02/2026,MWG,-800.0,2410100,222303010000.0
2026-02-23 13:16:16,92.0,1000,sell,2026-02-23_131616_920000_1000,23/02/2026,MWG,-800.0,2411100,222395010000.0
2026-02-23 13:16:18,92.0,1200,sell,2026-02-23_131618_920000_1200,23/02/2026,MWG,-800.0,2412300,222505410000.0
2026-02-23 13:16:22,92.1,200,buy,2026-02-23_131622_921000_200,23/02/2026,MWG,-700.0,2412500,222523830000.0
2026-02-23 13:16:22,92.0,1000,sell,2026-02-23_131622_920000_1000,23/02/2026,MWG,-800.0,2413500,222615830000.0
2026-02-23 13:16:27,92.0,500,sell,2026-02-23_131627_920000_500,23/02/2026,MWG,-800.0,2414000,222661830000.0
2026-02-23 13:16:31,92.0,1200,sell,2026-02-23_131631_920000_1200,23/02/2026,MWG,-800.0,2415200,222772230000.0
2026-02-23 13:16:40,92.0,3400,sell,2026-02-23_131640_920000_3400,23/02/2026,MWG,-800.0,2418600,223085030000.0
2026-02-23 13:16:45,92.0,1200,sell,2026-02-23_131645_920000_1200,23/02/2026,MWG,-800.0,2419800,223195430000.0
2026-02-23 13:16:58,92.0,1200,sell,2026-02-23_131658_920000_1200,23/02/2026,MWG,-800.0,2421000,223305830000.0
2026-02-23 13:17:03,92.1,100,buy,2026-02-23_131703_921000_100,23/02/2026,MWG,-700.0,2421100,223315040000.0
2026-02-23 13:17:11,92.1,500,buy,2026-02-23_131711_921000_500,23/02/2026,MWG,-700.0,2421600,223361090000.0
2026-02-23 13:17:13,92.0,500,sell,2026-02-23_131713_920000_500,23/02/2026,MWG,-800.0,2422100,223407090000.0
2026-02-23 13:17:16,92.0,100,sell,2026-02-23_131716_920000_100,23/02/2026,MWG,-800.0,2422200,223416290000.0
2026-02-23 13:17:24,92.0,1200,sell,2026-02-23_131724_920000_1200,23/02/2026,MWG,-800.0,2423400,223526690000.0
2026-02-23 13:17:26,92.1,100,buy,2026-02-23_131726_921000_100,23/02/2026,MWG,-700.0,2423500,223535900000.0
2026-02-23 13:17:27,92.0,1000,sell,2026-02-23_131727_920000_1000,23/02/2026,MWG,-800.0,2424500,223627900000.0
2026-02-23 13:17:29,92.1,100,buy,2026-02-23_131729_921000_100,23/02/2026,MWG,-700.0,2424600,223637110000.0
2026-02-23 13:17:34,92.1,200,buy,2026-02-23_131734_921000_200,23/02/2026,MWG,-700.0,2424800,223655530000.0
2026-02-23 13:17:34,92.0,300,sell,2026-02-23_131734_920000_300,23/02/2026,MWG,-800.0,2425100,223683130000.0
2026-02-23 13:17:35,92.0,1000,sell,2026-02-23_131735_920000_1000,23/02/2026,MWG,-800.0,2426100,223775130000.0
2026-02-23 13:17:38,92.0,1200,sell,2026-02-23_131738_920000_1200,23/02/2026,MWG,-800.0,2427300,223885530000.0
2026-02-23 13:17:42,92.1,1200,buy,2026-02-23_131742_921000_1200,23/02/2026,MWG,-700.0,2428500,223996050000.0
2026-02-23 13:17:44,92.1,200,buy,2026-02-23_131744_921000_200,23/02/2026,MWG,-700.0,2428700,224014470000.0
2026-02-23 13:17:47,92.1,1000,buy,2026-02-23_131747_921000_1000,23/02/2026,MWG,-700.0,2429700,224106570000.0
2026-02-23 13:17:57,92.0,1500,sell,2026-02-23_131757_920000_1500,23/02/2026,MWG,-800.0,2431300,224253780000.0
2026-02-23 13:17:57,92.1,100,buy,2026-02-23_131757_921000_100,23/02/2026,MWG,-700.0,2429800,224115780000.0
2026-02-23 13:18:01,92.0,500,sell,2026-02-23_131801_920000_500,23/02/2026,MWG,-800.0,2431800,224299780000.0
2026-02-23 13:18:02,92.1,10000,buy,2026-02-23_131802_921000_10000,23/02/2026,MWG,-700.0,2441800,225220780000.0
2026-02-23 13:18:08,92.1,100,buy,2026-02-23_131808_921000_100,23/02/2026,MWG,-700.0,2441900,225229990000.0
2026-02-23 13:18:11,92.1,100,buy,2026-02-23_131811_921000_100,23/02/2026,MWG,-700.0,2442000,225239200000.0
2026-02-23 13:18:13,92.1,5000,buy,2026-02-23_131813_921000_5000,23/02/2026,MWG,-700.0,2447000,225699700000.0
2026-02-23 13:18:16,92.1,500,buy,2026-02-23_131816_921000_500,23/02/2026,MWG,-700.0,2447500,225745750000.0
2026-02-23 13:18:16,92.0,2000,sell,2026-02-23_131816_920000_2000,23/02/2026,MWG,-800.0,2449500,225929750000.0
2026-02-23 13:18:18,92.0,1200,sell,2026-02-23_131818_920000_1200,23/02/2026,MWG,-800.0,2450700,226040150000.0
2026-02-23 13:18:19,92.1,2000,buy,2026-02-23_131819_921000_2000,23/02/2026,MWG,-700.0,2452700,226224350000.0
2026-02-23 13:18:22,92.1,200,buy,2026-02-23_131822_921000_200,23/02/2026,MWG,-700.0,2452900,226242770000.0
2026-02-23 13:18:23,92.1,200,buy,2026-02-23_131823_921000_200,23/02/2026,MWG,-700.0,2453100,226261190000.0
2026-02-23 13:18:25,92.1,200,buy,2026-02-23_131825_921000_200,23/02/2026,MWG,-700.0,2453300,226279610000.0
2026-02-23 13:18:31,92.1,600,buy,2026-02-23_131831_921000_600,23/02/2026,MWG,-700.0,2453900,226334870000.0
2026-02-23 13:18:32,92.0,300,sell,2026-02-23_131832_920000_300,23/02/2026,MWG,-800.0,2454200,226362470000.0
2026-02-23 13:18:33,92.1,1000,buy,2026-02-23_131833_921000_1000,23/02/2026,MWG,-700.0,2455200,226454570000.0
2026-02-23 13:18:34,92.1,9500,buy,2026-02-23_131834_921000_9500,23/02/2026,MWG,-700.0,2464700,227329520000.0
2026-02-23 13:18:35,92.1,1400,buy,2026-02-23_131835_921000_1400,23/02/2026,MWG,-700.0,2466100,227458460000.0
2026-02-23 13:18:39,92.1,100,buy,2026-02-23_131839_921000_100,23/02/2026,MWG,-700.0,2466200,227467670000.0
2026-02-23 13:18:42,92.1,1000,buy,2026-02-23_131842_921000_1000,23/02/2026,MWG,-700.0,2467200,227559770000.0
2026-02-23 13:18:43,92.0,500,sell,2026-02-23_131843_920000_500,23/02/2026,MWG,-800.0,2467700,227605770000.0
2026-02-23 13:18:43,92.1,3600,buy,2026-02-23_131843_921000_3600,23/02/2026,MWG,-700.0,2471300,227937330000.0
2026-02-23 13:18:45,92.1,1300,sell,2026-02-23_131845_921000_1300,23/02/2026,MWG,-700.0,2472600,228057060000.0
2026-02-23 13:18:59,92.1,1200,sell,2026-02-23_131859_921000_1200,23/02/2026,MWG,-700.0,2473900,228176800000.0
2026-02-23 13:18:59,92.2,100,buy,2026-02-23_131859_922000_100,23/02/2026,MWG,-600.0,2472700,228066280000.0
2026-02-23 13:19:00,92.1,1600,sell,2026-02-23_131900_921000_1600,23/02/2026,MWG,-700.0,2475500,228324160000.0
2026-02-23 13:19:02,92.1,3400,sell,2026-02-23_131902_921000_3400,23/02/2026,MWG,-700.0,2478900,228637300000.0
2026-02-23 13:19:05,92.1,100,buy,2026-02-23_131905_921000_100,23/02/2026,MWG,-700.0,2479000,228646510000.0
2026-02-23 13:19:19,92.1,100,buy,2026-02-23_131919_921000_100,23/02/2026,MWG,-700.0,2479100,228655720000.0
2026-02-23 13:19:23,92.0,100,sell,2026-02-23_131923_920000_100,23/02/2026,MWG,-800.0,2479200,228664920000.0
2026-02-23 13:19:24,92.1,100,buy,2026-02-23_131924_921000_100,23/02/2026,MWG,-700.0,2479300,228674130000.0
2026-02-23 13:19:28,92.0,500,sell,2026-02-23_131928_920000_500,23/02/2026,MWG,-800.0,2479800,228720130000.0
2026-02-23 13:19:39,92.0,1200,sell,2026-02-23_131939_920000_1200,23/02/2026,MWG,-800.0,2481000,228830530000.0
2026-02-23 13:19:47,92.1,200,buy,2026-02-23_131947_921000_200,23/02/2026,MWG,-700.0,2481200,228848950000.0
2026-02-23 13:19:57,92.0,50000,sell,2026-02-23_131957_920000_50000,23/02/2026,MWG,-800.0,2531200,233448950000.0
2026-02-23 13:20:06,92.0,1200,sell,2026-02-23_132006_920000_1200,23/02/2026,MWG,-800.0,2532400,233559350000.0
2026-02-23 13:20:06,92.1,400,buy,2026-02-23_132006_921000_400,23/02/2026,MWG,-700.0,2532800,233596190000.0
2026-02-23 13:20:12,92.0,500,sell,2026-02-23_132012_920000_500,23/02/2026,MWG,-800.0,2533300,233642190000.0
2026-02-23 13:20:13,92.0,500,sell,2026-02-23_132013_920000_500,23/02/2026,MWG,-800.0,2533800,233688190000.0
2026-02-23 13:20:19,92.0,1200,sell,2026-02-23_132019_920000_1200,23/02/2026,MWG,-800.0,2535000,233798590000.0
2026-02-23 13:20:28,92.1,100,buy,2026-02-23_132028_921000_100,23/02/2026,MWG,-700.0,2535100,233807800000.0
2026-02-23 13:20:39,92.0,5000,sell,2026-02-23_132039_920000_5000,23/02/2026,MWG,-800.0,2540100,234267800000.0
2026-02-23 13:20:42,92.0,5000,sell,2026-02-23_132042_920000_5000,23/02/2026,MWG,-800.0,2545100,234727800000.0
2026-02-23 13:20:44,92.0,900,sell,2026-02-23_132044_920000_900,23/02/2026,MWG,-800.0,2546000,234810600000.0
2026-02-23 13:20:46,92.0,1200,sell,2026-02-23_132046_920000_1200,23/02/2026,MWG,-800.0,2547200,234921000000.0
2026-02-23 13:20:49,92.0,700,sell,2026-02-23_132049_920000_700,23/02/2026,MWG,-800.0,2547900,234985400000.0
2026-02-23 13:20:54,92.0,1000,buy,2026-02-23_132054_920000_1000,23/02/2026,MWG,-800.0,2548900,235077400000.0
2026-02-23 13:20:55,92.0,100,buy,2026-02-23_132055_920000_100,23/02/2026,MWG,-800.0,2549000,235086600000.0
2026-02-23 13:21:08,92.0,200,buy,2026-02-23_132108_920000_200,23/02/2026,MWG,-800.0,2549200,235105000000.0
2026-02-23 13:21:09,92.0,100,buy,2026-02-23_132109_920000_100,23/02/2026,MWG,-800.0,2549300,235114200000.0
2026-02-23 13:21:10,92.0,500,buy,2026-02-23_132110_920000_500,23/02/2026,MWG,-800.0,2549800,235160200000.0
2026-02-23 13:21:14,92.0,3000,buy,2026-02-23_132114_920000_3000,23/02/2026,MWG,-800.0,2552800,235436200000.0
2026-02-23 13:21:16,91.9,700,sell,2026-02-23_132116_919000_700,23/02/2026,MWG,-900.0,2553500,235500530000.0
2026-02-23 13:21:17,92.0,100,buy,2026-02-23_132117_920000_100,23/02/2026,MWG,-800.0,2553600,235509730000.0
2026-02-23 13:21:22,91.9,300,sell,2026-02-23_132122_919000_300,23/02/2026,MWG,-900.0,2553900,235537300000.0
2026-02-23 13:21:23,92.0,2000,buy,2026-02-23_132123_920000_2000,23/02/2026,MWG,-800.0,2555900,235721300000.0
2026-02-23 13:21:25,91.9,300,sell,2026-02-23_132125_919000_300,23/02/2026,MWG,-900.0,2556200,235748870000.0
2026-02-23 13:21:26,91.9,1200,sell,2026-02-23_132126_919000_1200,23/02/2026,MWG,-900.0,2557400,235859150000.0
2026-02-23 13:21:27,92.0,2000,buy,2026-02-23_132127_920000_2000,23/02/2026,MWG,-800.0,2559400,236043150000.0
2026-02-23 13:21:29,92.0,1400,buy,2026-02-23_132129_920000_1400,23/02/2026,MWG,-800.0,2560800,236171950000.0
2026-02-23 13:21:31,92.0,500,buy,2026-02-23_132131_920000_500,23/02/2026,MWG,-800.0,2561300,236217950000.0
2026-02-23 13:21:33,91.9,100,sell,2026-02-23_132133_919000_100,23/02/2026,MWG,-900.0,2561400,236227140000.0
2026-02-23 13:21:38,92.0,100,buy,2026-02-23_132138_920000_100,23/02/2026,MWG,-800.0,2561500,236236340000.0
2026-02-23 13:21:42,91.9,500,sell,2026-02-23_132142_919000_500,23/02/2026,MWG,-900.0,2562000,236282290000.0
2026-02-23 13:21:48,92.0,500,buy,2026-02-23_132148_920000_500,23/02/2026,MWG,-800.0,2562500,236328290000.0
2026-02-23 13:21:49,92.0,200,buy,2026-02-23_132149_920000_200,23/02/2026,MWG,-800.0,2562700,236346690000.0
2026-02-23 13:21:55,91.9,1000,sell,2026-02-23_132155_919000_1000,23/02/2026,MWG,-900.0,2563700,236438590000.0
2026-02-23 13:21:56,92.0,1000,buy,2026-02-23_132156_920000_1000,23/02/2026,MWG,-800.0,2564700,236530590000.0
2026-02-23 13:21:57,92.0,100,buy,2026-02-23_132157_920000_100,23/02/2026,MWG,-800.0,2564800,236539790000.0
2026-02-23 13:21:58,91.9,5000,sell,2026-02-23_132158_919000_5000,23/02/2026,MWG,-900.0,2569800,236999290000.0
2026-02-23 13:22:01,91.9,300,sell,2026-02-23_132201_919000_300,23/02/2026,MWG,-900.0,2570100,237026860000.0
2026-02-23 13:22:03,92.0,100,buy,2026-02-23_132203_920000_100,23/02/2026,MWG,-800.0,2570200,237036060000.0
2026-02-23 13:22:15,91.9,2000,sell,2026-02-23_132215_919000_2000,23/02/2026,MWG,-900.0,2572200,237219860000.0
2026-02-23 13:22:18,91.9,900,sell,2026-02-23_132218_919000_900,23/02/2026,MWG,-900.0,2573100,237302570000.0
2026-02-23 13:22:19,91.9,1300,sell,2026-02-23_132219_919000_1300,23/02/2026,MWG,-900.0,2574400,237422040000.0
2026-02-23 13:22:25,91.9,1000,sell,2026-02-23_132225_919000_1000,23/02/2026,MWG,-900.0,2575400,237513940000.0
2026-02-23 13:22:30,92.0,100,buy,2026-02-23_132230_920000_100,23/02/2026,MWG,-800.0,2575500,237523140000.0
2026-02-23 13:22:55,92.0,2700,buy,2026-02-23_132255_920000_2700,23/02/2026,MWG,-800.0,2578200,237771540000.0
2026-02-23 13:23:11,92.0,200,buy,2026-02-23_132311_920000_200,23/02/2026,MWG,-800.0,2578400,237789940000.0
2026-02-23 13:23:17,92.0,100,buy,2026-02-23_132317_920000_100,23/02/2026,MWG,-800.0,2578500,237799140000.0
2026-02-23 13:23:19,92.0,100,buy,2026-02-23_132319_920000_100,23/02/2026,MWG,-800.0,2578600,237808340000.0
2026-02-23 13:23:20,92.0,100,buy,2026-02-23_132320_920000_100,23/02/2026,MWG,-800.0,2578700,237817540000.0
2026-02-23 13:23:23,91.9,2200,sell,2026-02-23_132323_919000_2200,23/02/2026,MWG,-900.0,2580900,238019720000.0
2026-02-23 13:23:27,92.0,100,buy,2026-02-23_132327_920000_100,23/02/2026,MWG,-800.0,2583100,238221910000.0
2026-02-23 13:23:27,91.9,2100,sell,2026-02-23_132327_919000_2100,23/02/2026,MWG,-900.0,2583000,238212710000.0
2026-02-23 13:23:35,91.9,200,sell,2026-02-23_132335_919000_200,23/02/2026,MWG,-900.0,2583300,238240290000.0
2026-02-23 13:23:39,91.9,1200,sell,2026-02-23_132339_919000_1200,23/02/2026,MWG,-900.0,2584500,238350570000.0
2026-02-23 13:23:42,92.0,200,buy,2026-02-23_132342_920000_200,23/02/2026,MWG,-800.0,2584700,238368970000.0
2026-02-23 13:23:46,91.9,100,sell,2026-02-23_132346_919000_100,23/02/2026,MWG,-900.0,2584800,238378160000.0
2026-02-23 13:23:51,91.9,900,sell,2026-02-23_132351_919000_900,23/02/2026,MWG,-900.0,2585700,238460870000.0
2026-02-23 13:23:51,92.0,200,buy,2026-02-23_132351_920000_200,23/02/2026,MWG,-800.0,2585900,238479270000.0
2026-02-23 13:24:00,92.0,10000,buy,2026-02-23_132400_920000_10000,23/02/2026,MWG,-800.0,2595900,239399270000.0
2026-02-23 13:24:00,92.0,100,buy,2026-02-23_132400_920000_100,23/02/2026,MWG,-800.0,2596000,239408470000.0
2026-02-23 13:24:09,91.9,100,sell,2026-02-23_132409_919000_100,23/02/2026,MWG,-900.0,2596100,239417660000.0
2026-02-23 13:24:11,92.0,100,buy,2026-02-23_132411_920000_100,23/02/2026,MWG,-800.0,2596200,239426860000.0
2026-02-23 13:24:22,91.9,50000,sell,2026-02-23_132422_919000_50000,23/02/2026,MWG,-900.0,2646200,244021860000.0
2026-02-23 13:24:24,91.9,2200,sell,2026-02-23_132424_919000_2200,23/02/2026,MWG,-900.0,2648400,244224040000.0
2026-02-23 13:24:30,91.9,3400,sell,2026-02-23_132430_919000_3400,23/02/2026,MWG,-900.0,2651800,244536500000.0
2026-02-23 13:24:33,92.0,100,buy,2026-02-23_132433_920000_100,23/02/2026,MWG,-800.0,2651900,244545700000.0
2026-02-23 13:24:33,91.9,1200,sell,2026-02-23_132433_919000_1200,23/02/2026,MWG,-900.0,2653100,244655980000.0
2026-02-23 13:24:36,91.9,1400,sell,2026-02-23_132436_919000_1400,23/02/2026,MWG,-900.0,2654500,244784640000.0
2026-02-23 13:24:44,91.9,2900,sell,2026-02-23_132444_919000_2900,23/02/2026,MWG,-900.0,2657600,245069530000.0
2026-02-23 13:24:44,91.9,200,sell,2026-02-23_132444_919000_200,23/02/2026,MWG,-900.0,2654700,244803020000.0
2026-02-23 13:24:47,91.9,1200,sell,2026-02-23_132447_919000_1200,23/02/2026,MWG,-900.0,2658800,245179810000.0
2026-02-23 13:24:50,91.9,10000,sell,2026-02-23_132450_919000_10000,23/02/2026,MWG,-900.0,2668800,246098810000.0
2026-02-23 13:25:00,91.9,2000,sell,2026-02-23_132500_919000_2000,23/02/2026,MWG,-900.0,2670800,246282610000.0
2026-02-23 13:25:03,91.9,200,sell,2026-02-23_132503_919000_200,23/02/2026,MWG,-900.0,2671000,246300990000.0
2026-02-23 13:25:07,91.9,1500,sell,2026-02-23_132507_919000_1500,23/02/2026,MWG,-900.0,2672500,246438840000.0
2026-02-23 13:25:09,91.9,1000,sell,2026-02-23_132509_919000_1000,23/02/2026,MWG,-900.0,2673500,246530740000.0
2026-02-23 13:25:13,91.9,1200,sell,2026-02-23_132513_919000_1200,23/02/2026,MWG,-900.0,2674700,246641020000.0
2026-02-23 13:25:13,91.9,300,sell,2026-02-23_132513_919000_300,23/02/2026,MWG,-900.0,2675700,246732990000.0
2026-02-23 13:25:13,92.0,700,buy,2026-02-23_132513_920000_700,23/02/2026,MWG,-800.0,2675400,246705420000.0
2026-02-23 13:25:13,92.0,1600,buy,2026-02-23_132513_920000_1600,23/02/2026,MWG,-800.0,2677300,246880190000.0
2026-02-23 13:25:14,92.0,1000,buy,2026-02-23_132514_920000_1000,23/02/2026,MWG,-800.0,2678300,246972190000.0
2026-02-23 13:25:14,91.9,300,sell,2026-02-23_132514_919000_300,23/02/2026,MWG,-900.0,2678600,246999760000.0
2026-02-23 13:25:15,91.9,700,sell,2026-02-23_132515_919000_700,23/02/2026,MWG,-900.0,2679300,247064090000.0
2026-02-23 13:25:21,92.0,600,buy,2026-02-23_132521_920000_600,23/02/2026,MWG,-800.0,2679900,247119290000.0
2026-02-23 13:25:22,92.0,400,buy,2026-02-23_132522_920000_400,23/02/2026,MWG,-800.0,2680300,247156090000.0
2026-02-23 13:25:29,91.9,100,sell,2026-02-23_132529_919000_100,23/02/2026,MWG,-900.0,2680400,247165280000.0
2026-02-23 13:25:31,91.9,300,sell,2026-02-23_132531_919000_300,23/02/2026,MWG,-900.0,2680700,247192850000.0
2026-02-23 13:25:37,91.9,4100,sell,2026-02-23_132537_919000_4100,23/02/2026,MWG,-900.0,2684800,247569640000.0
2026-02-23 13:25:39,91.9,800,buy,2026-02-23_132539_919000_800,23/02/2026,MWG,-900.0,2685600,247643160000.0
2026-02-23 13:25:40,91.9,100,buy,2026-02-23_132540_919000_100,23/02/2026,MWG,-900.0,2685700,247652350000.0
2026-02-23 13:25:41,91.9,400,buy,2026-02-23_132541_919000_400,23/02/2026,MWG,-900.0,2686100,247689110000.0
2026-02-23 13:25:45,91.9,200,buy,2026-02-23_132545_919000_200,23/02/2026,MWG,-900.0,2686300,247707490000.0
2026-02-23 13:25:48,91.9,2000,buy,2026-02-23_132548_919000_2000,23/02/2026,MWG,-900.0,2688300,247891290000.0
2026-02-23 13:25:49,91.9,500,buy,2026-02-23_132549_919000_500,23/02/2026,MWG,-900.0,2688800,247937240000.0
2026-02-23 13:25:52,91.9,100,buy,2026-02-23_132552_919000_100,23/02/2026,MWG,-900.0,2688900,247946430000.0
2026-02-23 13:25:55,91.9,100,buy,2026-02-23_132555_919000_100,23/02/2026,MWG,-900.0,2689000,247955620000.0
2026-02-23 13:26:00,91.8,6500,sell,2026-02-23_132600_918000_6500,23/02/2026,MWG,-1000.0,2695500,248552320000.0
2026-02-23 13:26:01,91.9,500,buy,2026-02-23_132601_919000_500,23/02/2026,MWG,-900.0,2696000,248598270000.0
2026-02-23 13:26:02,91.9,500,buy,2026-02-23_132602_919000_500,23/02/2026,MWG,-900.0,2696500,248644220000.0
2026-02-23 13:26:09,91.9,100,buy,2026-02-23_132609_919000_100,23/02/2026,MWG,-900.0,2696600,248653410000.0
2026-02-23 13:26:17,91.9,300,buy,2026-02-23_132617_919000_300,23/02/2026,MWG,-900.0,2697000,248690170000.0
2026-02-23 13:26:17,91.9,100,buy,2026-02-23_132617_919000_100,23/02/2026,MWG,-900.0,2696700,248662600000.0
2026-02-23 13:26:23,91.9,500,buy,2026-02-23_132623_919000_500,23/02/2026,MWG,-900.0,2697500,248736120000.0
2026-02-23 13:26:34,91.9,600,buy,2026-02-23_132634_919000_600,23/02/2026,MWG,-900.0,2698100,248791260000.0
2026-02-23 13:26:36,91.9,200,buy,2026-02-23_132636_919000_200,23/02/2026,MWG,-900.0,2698300,248809640000.0
2026-02-23 13:26:41,91.9,500,buy,2026-02-23_132641_919000_500,23/02/2026,MWG,-900.0,2698800,248855590000.0
2026-02-23 13:26:45,91.9,100,buy,2026-02-23_132645_919000_100,23/02/2026,MWG,-900.0,2698900,248864780000.0
2026-02-23 13:27:01,91.8,400,sell,2026-02-23_132701_918000_400,23/02/2026,MWG,-1000.0,2699300,248901500000.0
2026-02-23 13:27:02,91.8,1000,sell,2026-02-23_132702_918000_1000,23/02/2026,MWG,-1000.0,2700300,248993300000.0
2026-02-23 13:27:09,91.8,100,sell,2026-02-23_132709_918000_100,23/02/2026,MWG,-1000.0,2700400,249002480000.0
2026-02-23 13:27:14,91.8,1300,sell,2026-02-23_132714_918000_1300,23/02/2026,MWG,-1000.0,2701700,249121820000.0
2026-02-23 13:27:17,91.9,200,buy,2026-02-23_132717_919000_200,23/02/2026,MWG,-900.0,2701900,249140200000.0
2026-02-23 13:27:18,91.8,900,sell,2026-02-23_132718_918000_900,23/02/2026,MWG,-1000.0,2703000,249241180000.0
2026-02-23 13:27:18,91.8,200,sell,2026-02-23_132718_918000_200,23/02/2026,MWG,-1000.0,2702100,249158560000.0
2026-02-23 13:27:22,91.8,100,sell,2026-02-23_132722_918000_100,23/02/2026,MWG,-1000.0,2703100,249250360000.0
2026-02-23 13:27:27,91.8,1200,sell,2026-02-23_132727_918000_1200,23/02/2026,MWG,-1000.0,2704300,249360520000.0
2026-02-23 13:27:39,91.9,100,buy,2026-02-23_132739_919000_100,23/02/2026,MWG,-900.0,2704400,249369710000.0
2026-02-23 13:27:42,91.8,200,sell,2026-02-23_132742_918000_200,23/02/2026,MWG,-1000.0,2704600,249388070000.0
2026-02-23 13:27:45,91.9,100,buy,2026-02-23_132745_919000_100,23/02/2026,MWG,-900.0,2704700,249397260000.0
2026-02-23 13:27:49,91.8,2200,sell,2026-02-23_132749_918000_2200,23/02/2026,MWG,-1000.0,2706900,249599220000.0
2026-02-23 13:27:52,91.9,5000,buy,2026-02-23_132752_919000_5000,23/02/2026,MWG,-900.0,2711900,250058720000.0
2026-02-23 13:27:57,91.9,100,buy,2026-02-23_132757_919000_100,23/02/2026,MWG,-900.0,2712100,250077090000.0
2026-02-23 13:27:57,91.8,100,sell,2026-02-23_132757_918000_100,23/02/2026,MWG,-1000.0,2712000,250067900000.0
2026-02-23 13:28:01,91.9,4200,buy,2026-02-23_132801_919000_4200,23/02/2026,MWG,-900.0,2716300,250463070000.0
2026-02-23 13:28:05,91.9,800,sell,2026-02-23_132805_919000_800,23/02/2026,MWG,-900.0,2717100,250536590000.0
2026-02-23 13:28:06,91.9,500,sell,2026-02-23_132806_919000_500,23/02/2026,MWG,-900.0,2717600,250582540000.0
2026-02-23 13:28:07,91.9,1200,sell,2026-02-23_132807_919000_1200,23/02/2026,MWG,-900.0,2718800,250692820000.0
2026-02-23 13:28:09,91.9,100,sell,2026-02-23_132809_919000_100,23/02/2026,MWG,-900.0,2718900,250702010000.0
2026-02-23 13:28:20,91.9,200,sell,2026-02-23_132820_919000_200,23/02/2026,MWG,-900.0,2719100,250720390000.0
