time,price,volume,match_type,id,trading_date,symbol,price_change,accumulated_volume,accumulated_value
2026-02-24 09:15:11,120.2,8400,ato,2026-02-24_091511_1202000_8400,24/02/2026,PNJ,0.0,8400,1009680000.0
2026-02-24 09:15:17,120.2,100,buy,2026-02-24_091517_1202000_100,24/02/2026,PNJ,0.0,8500,1021700000.0
2026-02-24 09:15:17,120.2,200,buy,2026-02-24_091517_1202000_200,24/02/2026,PNJ,0.0,8700,1045740000.0
2026-02-24 09:15:52,120.2,300,buy,2026-02-24_091552_1202000_300,24/02/2026,PNJ,0.0,9000,1081800000.0
2026-02-24 09:15:53,120.1,100,sell,2026-02-24_091553_1201000_100,24/02/2026,PNJ,-100.0,9100,1093810000.0
2026-02-24 09:16:03,120.2,2900,buy,2026-02-24_091603_1202000_2900,24/02/2026,PNJ,0.0,12000,1442390000.0
2026-02-24 09:16:04,120.2,700,sell,2026-02-24_091604_1202000_700,24/02/2026,PNJ,0.0,12700,1526530000.0
2026-02-24 09:16:06,120.2,100,sell,2026-02-24_091606_1202000_100,24/02/2026,PNJ,0.0,12800,1538550000.0
2026-02-24 09:16:24,120.2,100,sell,2026-02-24_091624_1202000_100,24/02/2026,PNJ,0.0,12900,1550570000.0
2026-02-24 09:16:26,120.3,400,buy,2026-02-24_091626_1203000_400,24/02/2026,PNJ,100.0,13300,1598690000.0
2026-02-24 09:16:27,120.3,100,sell,2026-02-24_091627_1203000_100,24/02/2026,PNJ,100.0,13400,1610720000.0
2026-02-24 09:17:06,120.3,500,sell,2026-02-24_091706_1203000_500,24/02/2026,PNJ,100.0,13900,1670870000.0
2026-02-24 09:17:07,120.3,100,sell,2026-02-24_091707_1203000_100,24/02/2026,PNJ,100.0,14000,1682900000.0
2026-02-24 09:17:23,120.3,800,sell,2026-02-24_091723_1203000_800,24/02/2026,PNJ,100.0,14800,1779140000.0
2026-02-24 09:17:26,120.3,200,sell,2026-02-24_091726_1203000_200,24/02/2026,PNJ,100.0,15000,1803200000.0
2026-02-24 09:17:31,120.3,1100,sell,2026-02-24_091731_1203000_1100,24/02/2026,PNJ,100.0,16100,1935530000.0
2026-02-24 09:17:45,120.2,1800,sell,2026-02-24_091745_1202000_1800,24/02/2026,PNJ,0.0,17900,2151890000.0
2026-02-24 09:17:48,120.2,400,sell,2026-02-24_091748_1202000_400,24/02/2026,PNJ,0.0,22300,2680770000.0
2026-02-24 09:17:48,120.2,4000,sell,2026-02-24_091748_1202000_4000,24/02/2026,PNJ,0.0,21900,2632690000.0
2026-02-24 09:17:49,120.2,1100,sell,2026-02-24_091749_1202000_1100,24/02/2026,PNJ,0.0,23400,2812990000.0
2026-02-24 09:17:51,120.2,200,sell,2026-02-24_091751_1202000_200,24/02/2026,PNJ,0.0,23600,2837030000.0
2026-02-24 09:18:03,120.3,200,buy,2026-02-24_091803_1203000_200,24/02/2026,PNJ,100.0,23800,2861090000.0
2026-02-24 09:18:23,120.3,100,buy,2026-02-24_091823_1203000_100,24/02/2026,PNJ,100.0,23900,2873120000.0
2026-02-24 09:18:34,120.3,1400,buy,2026-02-24_091834_1203000_1400,24/02/2026,PNJ,100.0,25300,3041540000.0
2026-02-24 09:18:35,120.3,300,sell,2026-02-24_091835_1203000_300,24/02/2026,PNJ,100.0,25600,3077630000.0
2026-02-24 09:18:42,120.3,1300,sell,2026-02-24_091842_1203000_1300,24/02/2026,PNJ,100.0,26900,3234020000.0
2026-02-24 09:18:43,120.3,300,sell,2026-02-24_091843_1203000_300,24/02/2026,PNJ,100.0,27200,3270110000.0
2026-02-24 09:19:40,120.3,500,sell,2026-02-24_091940_1203000_500,24/02/2026,PNJ,100.0,27700,3330260000.0
2026-02-24 09:19:42,120.3,100,sell,2026-02-24_091942_1203000_100,24/02/2026,PNJ,100.0,27800,3342290000.0
2026-02-24 09:19:52,120.3,1700,sell,2026-02-24_091952_1203000_1700,24/02/2026,PNJ,100.0,29500,3546800000.0
2026-02-24 09:19:54,120.3,400,sell,2026-02-24_091954_1203000_400,24/02/2026,PNJ,100.0,29900,3594920000.0
2026-02-24 09:19:56,120.3,1100,sell,2026-02-24_091956_1203000_1100,24/02/2026,PNJ,100.0,31000,3727250000.0
2026-02-24 09:19:58,120.3,200,sell,2026-02-24_091958_1203000_200,24/02/2026,PNJ,100.0,31200,3751310000.0
2026-02-24 09:20:03,120.3,100,sell,2026-02-24_092003_1203000_100,24/02/2026,PNJ,100.0,31300,3763340000.0
2026-02-24 09:20:06,120.3,100,sell,2026-02-24_092006_1203000_100,24/02/2026,PNJ,100.0,31400,3775370000.0
2026-02-24 09:20:08,120.3,100,buy,2026-02-24_092008_1203000_100,24/02/2026,PNJ,100.0,31500,3787400000.0
2026-02-24 09:20:15,120.3,100,sell,2026-02-24_092015_1203000_100,24/02/2026,PNJ,100.0,31700,3811490000.0
2026-02-24 09:20:15,120.6,100,buy,2026-02-24_092015_1206000_100,24/02/2026,PNJ,400.0,31600,3799460000.0
2026-02-24 09:20:56,120.2,6800,sell,2026-02-24_092056_1202000_6800,24/02/2026,PNJ,0.0,38500,4628850000.0
2026-02-24 09:21:19,120.2,1000,buy,2026-02-24_092119_1202000_1000,24/02/2026,PNJ,0.0,39500,4749050000.0
2026-02-24 09:21:30,120.1,900,sell,2026-02-24_092130_1201000_900,24/02/2026,PNJ,-100.0,40400,4857140000.0
2026-02-24 09:21:31,120.1,200,sell,2026-02-24_092131_1201000_200,24/02/2026,PNJ,-100.0,40600,4881160000.0
2026-02-24 09:21:36,120.1,300,sell,2026-02-24_092136_1201000_300,24/02/2026,PNJ,-100.0,40900,4917190000.0
2026-02-24 09:21:50,120.1,100,sell,2026-02-24_092150_1201000_100,24/02/2026,PNJ,-100.0,41000,4929200000.0
2026-02-24 09:21:53,120.1,1800,sell,2026-02-24_092153_1201000_1800,24/02/2026,PNJ,-100.0,42800,5145380000.0
2026-02-24 09:21:54,120.1,100,sell,2026-02-24_092154_1201000_100,24/02/2026,PNJ,-100.0,42900,5157390000.0
2026-02-24 09:21:55,120.1,300,buy,2026-02-24_092155_1201000_300,24/02/2026,PNJ,-100.0,43200,5193420000.0
2026-02-24 09:22:02,120.1,100,buy,2026-02-24_092202_1201000_100,24/02/2026,PNJ,-100.0,43300,5205430000.0
2026-02-24 09:22:13,120.0,300,sell,2026-02-24_092213_1200000_300,24/02/2026,PNJ,-200.0,43600,5241430000.0
2026-02-24 09:22:49,120.1,800,buy,2026-02-24_092249_1201000_800,24/02/2026,PNJ,-100.0,44400,5337510000.0
2026-02-24 09:22:51,120.1,200,sell,2026-02-24_092251_1201000_200,24/02/2026,PNJ,-100.0,44600,5361530000.0
2026-02-24 09:23:24,120.1,100,buy,2026-02-24_092324_1201000_100,24/02/2026,PNJ,-100.0,44700,5373540000.0
2026-02-24 09:23:53,120.1,1700,sell,2026-02-24_092353_1201000_1700,24/02/2026,PNJ,-100.0,46400,5577710000.0
2026-02-24 09:23:53,120.1,3300,buy,2026-02-24_092353_1201000_3300,24/02/2026,PNJ,-100.0,49700,5974040000.0
2026-02-24 09:24:05,120.1,1200,buy,2026-02-24_092405_1201000_1200,24/02/2026,PNJ,-100.0,50900,6118160000.0
2026-02-24 09:24:25,120.1,1200,buy,2026-02-24_092425_1201000_1200,24/02/2026,PNJ,-100.0,52100,6262280000.0
2026-02-24 09:24:35,120.0,2000,sell,2026-02-24_092435_1200000_2000,24/02/2026,PNJ,-200.0,54100,6502280000.0
2026-02-24 09:24:36,120.0,500,sell,2026-02-24_092436_1200000_500,24/02/2026,PNJ,-200.0,54600,6562280000.0
2026-02-24 09:24:38,120.0,100,sell,2026-02-24_092438_1200000_100,24/02/2026,PNJ,-200.0,54700,6574280000.0
2026-02-24 09:24:45,120.0,2000,sell,2026-02-24_092445_1200000_2000,24/02/2026,PNJ,-200.0,56700,6814280000.0
2026-02-24 09:24:47,120.0,500,sell,2026-02-24_092447_1200000_500,24/02/2026,PNJ,-200.0,57200,6874280000.0
2026-02-24 09:25:23,120.0,100,buy,2026-02-24_092523_1200000_100,24/02/2026,PNJ,-200.0,57300,6886280000.0
2026-02-24 09:25:43,119.9,300,sell,2026-02-24_092543_1199000_300,24/02/2026,PNJ,-300.0,57600,6922250000.0
2026-02-24 09:26:00,119.9,200,sell,2026-02-24_092600_1199000_200,24/02/2026,PNJ,-300.0,57800,6946230000.0
2026-02-24 09:26:25,119.9,1000,sell,2026-02-24_092625_1199000_1000,24/02/2026,PNJ,-300.0,58800,7066130000.0
2026-02-24 09:26:27,119.9,100,sell,2026-02-24_092627_1199000_100,24/02/2026,PNJ,-300.0,58900,7078120000.0
2026-02-24 09:26:39,119.9,2000,sell,2026-02-24_092639_1199000_2000,24/02/2026,PNJ,-300.0,60900,7317920000.0
2026-02-24 09:26:43,119.9,100,sell,2026-02-24_092643_1199000_100,24/02/2026,PNJ,-300.0,61000,7329910000.0
2026-02-24 09:26:51,119.9,1800,sell,2026-02-24_092651_1199000_1800,24/02/2026,PNJ,-300.0,62800,7545730000.0
2026-02-24 09:27:14,119.9,1400,sell,2026-02-24_092714_1199000_1400,24/02/2026,PNJ,-300.0,64200,7713590000.0
2026-02-24 09:27:57,119.9,1500,sell,2026-02-24_092757_1199000_1500,24/02/2026,PNJ,-300.0,65700,7893440000.0
2026-02-24 09:28:46,119.9,200,sell,2026-02-24_092846_1199000_200,24/02/2026,PNJ,-300.0,65900,7917420000.0
2026-02-24 09:29:07,119.9,2500,sell,2026-02-24_092907_1199000_2500,24/02/2026,PNJ,-300.0,68400,8217170000.0
2026-02-24 09:29:31,120.0,2000,buy,2026-02-24_092931_1200000_2000,24/02/2026,PNJ,-200.0,70400,8457170000.0
2026-02-24 09:29:59,120.0,1100,buy,2026-02-24_092959_1200000_1100,24/02/2026,PNJ,-200.0,71500,8589170000.0
2026-02-24 09:30:13,120.0,100,buy,2026-02-24_093013_1200000_100,24/02/2026,PNJ,-200.0,71600,8601170000.0
2026-02-24 09:30:45,120.0,100,buy,2026-02-24_093045_1200000_100,24/02/2026,PNJ,-200.0,71700,8613170000.0
2026-02-24 09:31:20,120.0,200,buy,2026-02-24_093120_1200000_200,24/02/2026,PNJ,-200.0,71900,8637170000.0
2026-02-24 09:31:28,120.1,4100,buy,2026-02-24_093128_1201000_4100,24/02/2026,PNJ,-100.0,78800,9465580000.0
2026-02-24 09:31:28,120.0,2800,buy,2026-02-24_093128_1200000_2800,24/02/2026,PNJ,-200.0,74700,8973170000.0
2026-02-24 09:31:29,120.1,100,sell,2026-02-24_093129_1201000_100,24/02/2026,PNJ,-100.0,78900,9477590000.0
2026-02-24 09:31:37,120.1,1000,buy,2026-02-24_093137_1201000_1000,24/02/2026,PNJ,-100.0,79900,9597690000.0
2026-02-24 09:31:45,120.1,300,buy,2026-02-24_093145_1201000_300,24/02/2026,PNJ,-100.0,80700,9693720000.0
2026-02-24 09:31:45,120.0,500,buy,2026-02-24_093145_1200000_500,24/02/2026,PNJ,-200.0,80400,9657690000.0
2026-02-24 09:32:20,120.0,1800,sell,2026-02-24_093220_1200000_1800,24/02/2026,PNJ,-200.0,82500,9909720000.0
2026-02-24 09:32:22,120.0,400,sell,2026-02-24_093222_1200000_400,24/02/2026,PNJ,-200.0,82900,9957720000.0
2026-02-24 09:32:33,120.0,100,buy,2026-02-24_093233_1200000_100,24/02/2026,PNJ,-200.0,83000,9969720000.0
2026-02-24 09:32:45,120.0,500,sell,2026-02-24_093245_1200000_500,24/02/2026,PNJ,-200.0,83500,10029720000.0
2026-02-24 09:32:47,120.0,100,sell,2026-02-24_093247_1200000_100,24/02/2026,PNJ,-200.0,83600,10041720000.0
2026-02-24 09:32:48,120.2,1000,buy,2026-02-24_093248_1202000_1000,24/02/2026,PNJ,0.0,85800,10306040000.0
2026-02-24 09:32:48,120.1,1200,buy,2026-02-24_093248_1201000_1200,24/02/2026,PNJ,-100.0,84800,10185840000.0
2026-02-24 09:32:49,120.2,500,sell,2026-02-24_093249_1202000_500,24/02/2026,PNJ,0.0,86300,10366140000.0
2026-02-24 09:32:52,120.2,100,sell,2026-02-24_093252_1202000_100,24/02/2026,PNJ,0.0,86400,10378160000.0
2026-02-24 09:33:14,120.2,500,sell,2026-02-24_093314_1202000_500,24/02/2026,PNJ,0.0,86900,10438260000.0
2026-02-24 09:33:15,120.2,100,sell,2026-02-24_093315_1202000_100,24/02/2026,PNJ,0.0,87000,10450280000.0
2026-02-24 09:33:32,120.2,1600,sell,2026-02-24_093332_1202000_1600,24/02/2026,PNJ,0.0,88600,10642600000.0
2026-02-24 09:33:50,120.2,1800,buy,2026-02-24_093350_1202000_1800,24/02/2026,PNJ,0.0,90400,10858960000.0
2026-02-24 09:33:59,120.3,400,sell,2026-02-24_093359_1203000_400,24/02/2026,PNJ,100.0,92400,11099520000.0
2026-02-24 09:33:59,120.3,1200,buy,2026-02-24_093359_1203000_1200,24/02/2026,PNJ,100.0,92000,11051400000.0
2026-02-24 09:33:59,120.2,400,buy,2026-02-24_093359_1202000_400,24/02/2026,PNJ,0.0,90800,10907040000.0
2026-02-24 09:34:02,120.3,100,sell,2026-02-24_093402_1203000_100,24/02/2026,PNJ,100.0,92500,11111550000.0
2026-02-24 09:34:31,120.3,900,sell,2026-02-24_093431_1203000_900,24/02/2026,PNJ,100.0,93400,11219820000.0
2026-02-24 09:34:32,120.3,200,sell,2026-02-24_093432_1203000_200,24/02/2026,PNJ,100.0,93600,11243880000.0
2026-02-24 09:34:32,120.3,1000,sell,2026-02-24_093432_1203000_1000,24/02/2026,PNJ,100.0,94600,11364180000.0
2026-02-24 09:34:33,120.3,200,sell,2026-02-24_093433_1203000_200,24/02/2026,PNJ,100.0,94800,11388240000.0
2026-02-24 09:34:51,120.3,100,buy,2026-02-24_093451_1203000_100,24/02/2026,PNJ,100.0,94900,11400270000.0
2026-02-24 09:34:58,120.4,800,buy,2026-02-24_093458_1204000_800,24/02/2026,PNJ,200.0,95700,11496590000.0
2026-02-24 09:34:58,120.5,200,buy,2026-02-24_093458_1205000_200,24/02/2026,PNJ,300.0,95900,11520690000.0
2026-02-24 09:35:13,120.5,200,buy,2026-02-24_093513_1205000_200,24/02/2026,PNJ,300.0,96100,11544790000.0
2026-02-24 09:35:16,120.5,200,buy,2026-02-24_093516_1205000_200,24/02/2026,PNJ,300.0,96300,11568890000.0
2026-02-24 09:35:22,120.3,300,sell,2026-02-24_093522_1203000_300,24/02/2026,PNJ,100.0,96600,11604980000.0
2026-02-24 09:35:40,120.3,1100,sell,2026-02-24_093540_1203000_1100,24/02/2026,PNJ,100.0,97700,11737310000.0
2026-02-24 09:35:41,120.3,200,sell,2026-02-24_093541_1203000_200,24/02/2026,PNJ,100.0,97900,11761370000.0
2026-02-24 09:35:59,120.3,2000,sell,2026-02-24_093559_1203000_2000,24/02/2026,PNJ,100.0,99900,12001970000.0
2026-02-24 09:36:01,120.3,500,sell,2026-02-24_093601_1203000_500,24/02/2026,PNJ,100.0,100400,12062120000.0
2026-02-24 09:36:02,120.3,100,sell,2026-02-24_093602_1203000_100,24/02/2026,PNJ,100.0,100500,12074150000.0
2026-02-24 09:36:20,120.3,300,buy,2026-02-24_093620_1203000_300,24/02/2026,PNJ,100.0,100800,12110240000.0
2026-02-24 09:36:20,120.3,1600,buy,2026-02-24_093620_1203000_1600,24/02/2026,PNJ,100.0,102400,12302720000.0
2026-02-24 09:36:34,120.3,1400,buy,2026-02-24_093634_1203000_1400,24/02/2026,PNJ,100.0,103800,12471140000.0
2026-02-24 09:36:35,120.3,300,sell,2026-02-24_093635_1203000_300,24/02/2026,PNJ,100.0,104100,12507230000.0
2026-02-24 09:37:15,120.3,500,sell,2026-02-24_093715_1203000_500,24/02/2026,PNJ,100.0,104600,12567380000.0
2026-02-24 09:37:15,120.3,100,sell,2026-02-24_093715_1203000_100,24/02/2026,PNJ,100.0,104700,12579410000.0
2026-02-24 09:37:24,120.4,400,buy,2026-02-24_093724_1204000_400,24/02/2026,PNJ,200.0,105100,12627570000.0
2026-02-24 09:37:26,120.4,100,sell,2026-02-24_093726_1204000_100,24/02/2026,PNJ,200.0,105200,12639610000.0
2026-02-24 09:37:33,120.5,1000,buy,2026-02-24_093733_1205000_1000,24/02/2026,PNJ,300.0,106200,12760110000.0
2026-02-24 09:37:39,120.4,1000,sell,2026-02-24_093739_1204000_1000,24/02/2026,PNJ,200.0,107200,12880510000.0
2026-02-24 09:37:42,120.4,200,sell,2026-02-24_093742_1204000_200,24/02/2026,PNJ,200.0,107400,12904590000.0
2026-02-24 09:37:48,120.5,5000,buy,2026-02-24_093748_1205000_5000,24/02/2026,PNJ,300.0,112400,13507090000.0
2026-02-24 09:37:58,120.5,2500,buy,2026-02-24_093758_1205000_2500,24/02/2026,PNJ,300.0,114900,13808340000.0
2026-02-24 09:37:59,120.5,200,sell,2026-02-24_093759_1205000_200,24/02/2026,PNJ,300.0,115100,13832440000.0
2026-02-24 09:38:01,120.5,400,buy,2026-02-24_093801_1205000_400,24/02/2026,PNJ,300.0,115500,13880640000.0
2026-02-24 09:38:04,120.5,100,sell,2026-02-24_093804_1205000_100,24/02/2026,PNJ,300.0,115600,13892690000.0
2026-02-24 09:38:13,120.5,200,sell,2026-02-24_093813_1205000_200,24/02/2026,PNJ,300.0,115800,13916790000.0
2026-02-24 09:38:15,120.5,300,sell,2026-02-24_093815_1205000_300,24/02/2026,PNJ,300.0,116600,14013190000.0
2026-02-24 09:38:15,120.5,500,sell,2026-02-24_093815_1205000_500,24/02/2026,PNJ,300.0,116300,13977040000.0
2026-02-24 09:38:16,120.5,100,sell,2026-02-24_093816_1205000_100,24/02/2026,PNJ,300.0,116700,14025240000.0
2026-02-24 09:38:17,120.5,100,sell,2026-02-24_093817_1205000_100,24/02/2026,PNJ,300.0,116800,14037290000.0
2026-02-24 09:38:18,120.6,2000,buy,2026-02-24_093818_1206000_2000,24/02/2026,PNJ,400.0,118800,14278490000.0
2026-02-24 09:38:21,120.6,5000,buy,2026-02-24_093821_1206000_5000,24/02/2026,PNJ,400.0,123800,14881490000.0
2026-02-24 09:38:21,120.6,1200,buy,2026-02-24_093821_1206000_1200,24/02/2026,PNJ,400.0,125000,15026210000.0
2026-02-24 09:38:22,120.6,2000,buy,2026-02-24_093822_1206000_2000,24/02/2026,PNJ,400.0,129000,15508610000.0
2026-02-24 09:38:23,120.6,1800,sell,2026-02-24_093823_1206000_1800,24/02/2026,PNJ,400.0,138400,16642250000.0
2026-02-24 09:38:23,120.6,5600,buy,2026-02-24_093823_1206000_5600,24/02/2026,PNJ,400.0,136600,16425170000.0
2026-02-24 09:38:23,120.6,2000,buy,2026-02-24_093823_1206000_2000,24/02/2026,PNJ,400.0,131000,15749810000.0
2026-02-24 09:38:25,120.6,1800,sell,2026-02-24_093825_1206000_1800,24/02/2026,PNJ,400.0,140200,16859330000.0
2026-02-24 09:38:27,120.6,400,sell,2026-02-24_093827_1206000_400,24/02/2026,PNJ,400.0,140600,16907570000.0
2026-02-24 09:38:28,120.7,2000,buy,2026-02-24_093828_1207000_2000,24/02/2026,PNJ,500.0,142600,17148970000.0
2026-02-24 09:38:32,120.6,5000,sell,2026-02-24_093832_1206000_5000,24/02/2026,PNJ,400.0,147600,17751970000.0
2026-02-24 09:38:33,120.6,500,sell,2026-02-24_093833_1206000_500,24/02/2026,PNJ,400.0,148100,17812270000.0
2026-02-24 09:38:33,120.6,1200,sell,2026-02-24_093833_1206000_1200,24/02/2026,PNJ,400.0,149300,17956990000.0
2026-02-24 09:38:36,120.6,400,sell,2026-02-24_093836_1206000_400,24/02/2026,PNJ,400.0,149700,18005230000.0
2026-02-24 09:38:38,120.6,100,sell,2026-02-24_093838_1206000_100,24/02/2026,PNJ,400.0,149800,18017290000.0
2026-02-24 09:38:39,120.7,18300,buy,2026-02-24_093839_1207000_18300,24/02/2026,PNJ,500.0,168100,20226100000.0
2026-02-24 09:38:42,120.7,4500,sell,2026-02-24_093842_1207000_4500,24/02/2026,PNJ,500.0,172600,20769250000.0
2026-02-24 09:38:43,120.8,2000,buy,2026-02-24_093843_1208000_2000,24/02/2026,PNJ,600.0,174600,21010850000.0
2026-02-24 09:38:43,120.7,1000,sell,2026-02-24_093843_1207000_1000,24/02/2026,PNJ,500.0,175600,21131550000.0
2026-02-24 09:38:44,120.7,1800,sell,2026-02-24_093844_1207000_1800,24/02/2026,PNJ,500.0,177400,21348810000.0
2026-02-24 09:38:45,120.8,400,buy,2026-02-24_093845_1208000_400,24/02/2026,PNJ,600.0,177800,21397130000.0
2026-02-24 09:38:45,120.8,2000,buy,2026-02-24_093845_1208000_2000,24/02/2026,PNJ,600.0,179800,21638730000.0
2026-02-24 09:38:48,120.8,2000,buy,2026-02-24_093848_1208000_2000,24/02/2026,PNJ,600.0,181800,21880330000.0
2026-02-24 09:38:49,120.8,100,buy,2026-02-24_093849_1208000_100,24/02/2026,PNJ,600.0,181900,21892410000.0
2026-02-24 09:38:52,120.8,300,buy,2026-02-24_093852_1208000_300,24/02/2026,PNJ,600.0,182200,21928650000.0
2026-02-24 09:38:56,120.8,2000,buy,2026-02-24_093856_1208000_2000,24/02/2026,PNJ,600.0,184200,22170250000.0
2026-02-24 09:38:58,120.8,100,buy,2026-02-24_093858_1208000_100,24/02/2026,PNJ,600.0,184300,22182330000.0
2026-02-24 09:38:59,120.8,900,buy,2026-02-24_093859_1208000_900,24/02/2026,PNJ,600.0,185200,22291050000.0
2026-02-24 09:39:01,120.8,200,sell,2026-02-24_093901_1208000_200,24/02/2026,PNJ,600.0,185400,22315210000.0
2026-02-24 09:39:02,120.9,100,buy,2026-02-24_093902_1209000_100,24/02/2026,PNJ,700.0,185500,22327300000.0
2026-02-24 09:39:08,120.9,4300,buy,2026-02-24_093908_1209000_4300,24/02/2026,PNJ,700.0,189800,22847170000.0
2026-02-24 09:39:09,120.9,600,sell,2026-02-24_093909_1209000_600,24/02/2026,PNJ,700.0,190400,22919710000.0
2026-02-24 09:39:10,120.9,400,buy,2026-02-24_093910_1209000_400,24/02/2026,PNJ,700.0,190800,22968070000.0
2026-02-24 09:39:11,121.0,300,buy,2026-02-24_093911_1210000_300,24/02/2026,PNJ,800.0,191100,23004370000.0
2026-02-24 09:39:13,120.8,1600,sell,2026-02-24_093913_1208000_1600,24/02/2026,PNJ,600.0,193100,23246010000.0
2026-02-24 09:39:13,120.9,400,sell,2026-02-24_093913_1209000_400,24/02/2026,PNJ,700.0,191500,23052730000.0
2026-02-24 09:39:14,121.0,10000,buy,2026-02-24_093914_1210000_10000,24/02/2026,PNJ,800.0,203100,24456010000.0
2026-02-24 09:39:17,121.0,13900,buy,2026-02-24_093917_1210000_13900,24/02/2026,PNJ,800.0,217000,26137910000.0
2026-02-24 09:39:20,121.0,3400,sell,2026-02-24_093920_1210000_3400,24/02/2026,PNJ,800.0,220400,26549310000.0
2026-02-24 09:39:21,121.1,1500,buy,2026-02-24_093921_1211000_1500,24/02/2026,PNJ,900.0,221900,26730960000.0
2026-02-24 09:39:25,121.1,5200,buy,2026-02-24_093925_1211000_5200,24/02/2026,PNJ,900.0,227100,27360680000.0
2026-02-24 09:39:25,121.1,1300,sell,2026-02-24_093925_1211000_1300,24/02/2026,PNJ,900.0,228400,27518110000.0
2026-02-24 09:39:27,121.1,300,sell,2026-02-24_093927_1211000_300,24/02/2026,PNJ,900.0,228700,27554440000.0
2026-02-24 09:39:32,121.1,500,sell,2026-02-24_093932_1211000_500,24/02/2026,PNJ,900.0,229200,27614990000.0
2026-02-24 09:39:33,121.2,1200,buy,2026-02-24_093933_1212000_1200,24/02/2026,PNJ,1000.0,230400,27760430000.0
2026-02-24 09:39:36,121.2,3000,buy,2026-02-24_093936_1212000_3000,24/02/2026,PNJ,1000.0,233400,28124030000.0
2026-02-24 09:39:44,121.2,4700,buy,2026-02-24_093944_1212000_4700,24/02/2026,PNJ,1000.0,238100,28693670000.0
2026-02-24 09:39:45,121.2,800,sell,2026-02-24_093945_1212000_800,24/02/2026,PNJ,1000.0,238900,28790630000.0
2026-02-24 09:39:46,121.2,300,buy,2026-02-24_093946_1212000_300,24/02/2026,PNJ,1000.0,239200,28826990000.0
2026-02-24 09:39:49,121.2,200,buy,2026-02-24_093949_1212000_200,24/02/2026,PNJ,1000.0,239400,28851230000.0
2026-02-24 09:40:00,121.2,1000,sell,2026-02-24_094000_1212000_1000,24/02/2026,PNJ,1000.0,240400,28972430000.0
2026-02-24 09:40:02,121.2,200,buy,2026-02-24_094002_1212000_200,24/02/2026,PNJ,1000.0,240600,28996670000.0
2026-02-24 09:40:05,121.3,300,buy,2026-02-24_094005_1213000_300,24/02/2026,PNJ,1100.0,240900,29033060000.0
2026-02-24 09:40:07,121.3,1100,sell,2026-02-24_094007_1213000_1100,24/02/2026,PNJ,1100.0,246700,29736600000.0
2026-02-24 09:40:07,121.3,4700,buy,2026-02-24_094007_1213000_4700,24/02/2026,PNJ,1100.0,245600,29603170000.0
2026-02-24 09:40:08,121.3,200,sell,2026-02-24_094008_1213000_200,24/02/2026,PNJ,1100.0,246900,29760860000.0
2026-02-24 09:40:09,121.3,300,sell,2026-02-24_094009_1213000_300,24/02/2026,PNJ,1100.0,247200,29797250000.0
2026-02-24 09:40:19,121.4,1100,buy,2026-02-24_094019_1214000_1100,24/02/2026,PNJ,1200.0,248300,29930790000.0
2026-02-24 09:40:25,121.4,900,buy,2026-02-24_094025_1214000_900,24/02/2026,PNJ,1200.0,249200,30040050000.0
2026-02-24 09:40:27,121.3,100,sell,2026-02-24_094027_1213000_100,24/02/2026,PNJ,1100.0,249300,30052180000.0
2026-02-24 09:40:30,121.3,1800,sell,2026-02-24_094030_1213000_1800,24/02/2026,PNJ,1100.0,252900,30488860000.0
2026-02-24 09:40:36,121.3,2100,buy,2026-02-24_094036_1213000_2100,24/02/2026,PNJ,1100.0,255000,30743590000.0
2026-02-24 09:40:36,121.5,12200,buy,2026-02-24_094036_1215000_12200,24/02/2026,PNJ,1300.0,270800,32662930000.0
2026-02-24 09:40:36,121.4,3600,buy,2026-02-24_094036_1214000_3600,24/02/2026,PNJ,1200.0,258600,31180630000.0
2026-02-24 09:40:36,121.6,3500,buy,2026-02-24_094036_1216000_3500,24/02/2026,PNJ,1400.0,274300,33088530000.0
2026-02-24 09:40:40,121.6,100,buy,2026-02-24_094040_1216000_100,24/02/2026,PNJ,1400.0,274400,33100690000.0
2026-02-24 09:40:52,121.5,3000,buy,2026-02-24_094052_1215000_3000,24/02/2026,PNJ,1300.0,277400,33465190000.0
2026-02-24 09:40:54,121.5,700,sell,2026-02-24_094054_1215000_700,24/02/2026,PNJ,1300.0,278100,33550240000.0
2026-02-24 09:40:54,121.6,500,buy,2026-02-24_094054_1216000_500,24/02/2026,PNJ,1400.0,278600,33611040000.0
2026-02-24 09:41:02,121.6,5000,buy,2026-02-24_094102_1216000_5000,24/02/2026,PNJ,1400.0,283600,34219040000.0
2026-02-24 09:41:08,121.6,1100,buy,2026-02-24_094108_1216000_1100,24/02/2026,PNJ,1400.0,284700,34352800000.0
2026-02-24 09:41:18,121.6,300,buy,2026-02-24_094118_1216000_300,24/02/2026,PNJ,1400.0,285000,34389280000.0
2026-02-24 09:41:21,121.5,100,sell,2026-02-24_094121_1215000_100,24/02/2026,PNJ,1300.0,285100,34401430000.0
2026-02-24 09:41:29,121.6,4100,buy,2026-02-24_094129_1216000_4100,24/02/2026,PNJ,1400.0,289200,34899990000.0
2026-02-24 09:41:29,121.8,800,buy,2026-02-24_094129_1218000_800,24/02/2026,PNJ,1600.0,295100,35618100000.0
2026-02-24 09:41:29,121.7,5100,buy,2026-02-24_094129_1217000_5100,24/02/2026,PNJ,1500.0,294300,35520660000.0
2026-02-24 09:41:37,121.5,900,sell,2026-02-24_094137_1215000_900,24/02/2026,PNJ,1300.0,296000,35727450000.0
2026-02-24 09:41:37,121.3,100,sell,2026-02-24_094137_1213000_100,24/02/2026,PNJ,1100.0,296100,35739580000.0
2026-02-24 09:41:38,121.8,4300,buy,2026-02-24_094138_1218000_4300,24/02/2026,PNJ,1600.0,300500,36275480000.0
2026-02-24 09:41:38,121.6,100,buy,2026-02-24_094138_1216000_100,24/02/2026,PNJ,1400.0,296200,35751740000.0
2026-02-24 09:41:54,121.6,200,buy,2026-02-24_094154_1216000_200,24/02/2026,PNJ,1400.0,300700,36299800000.0
2026-02-24 09:42:23,121.2,300,sell,2026-02-24_094223_1212000_300,24/02/2026,PNJ,1000.0,301000,36336160000.0
2026-02-24 09:42:24,121.1,100,sell,2026-02-24_094224_1211000_100,24/02/2026,PNJ,900.0,301100,36348270000.0
2026-02-24 09:42:25,121.1,100,sell,2026-02-24_094225_1211000_100,24/02/2026,PNJ,900.0,301200,36360380000.0
2026-02-24 09:42:27,121.1,300,sell,2026-02-24_094227_1211000_300,24/02/2026,PNJ,900.0,301500,36396710000.0
2026-02-24 09:42:28,121.1,100,sell,2026-02-24_094228_1211000_100,24/02/2026,PNJ,900.0,301600,36408820000.0
2026-02-24 09:42:31,121.1,1000,sell,2026-02-24_094231_1211000_1000,24/02/2026,PNJ,900.0,302600,36529920000.0
2026-02-24 09:42:32,121.1,200,sell,2026-02-24_094232_1211000_200,24/02/2026,PNJ,900.0,302800,36554140000.0
2026-02-24 09:42:34,121.1,500,sell,2026-02-24_094234_1211000_500,24/02/2026,PNJ,900.0,303300,36614690000.0
2026-02-24 09:42:36,121.1,100,sell,2026-02-24_094236_1211000_100,24/02/2026,PNJ,900.0,303400,36626800000.0
2026-02-24 09:42:39,121.1,100,sell,2026-02-24_094239_1211000_100,24/02/2026,PNJ,900.0,303500,36638910000.0
2026-02-24 09:43:13,121.1,300,sell,2026-02-24_094313_1211000_300,24/02/2026,PNJ,900.0,303800,36675240000.0
2026-02-24 09:43:18,121.1,3000,sell,2026-02-24_094318_1211000_3000,24/02/2026,PNJ,900.0,306800,37038540000.0
2026-02-24 09:43:19,121.1,600,sell,2026-02-24_094319_1211000_600,24/02/2026,PNJ,900.0,307400,37111200000.0
2026-02-24 09:43:27,121.1,200,buy,2026-02-24_094327_1211000_200,24/02/2026,PNJ,900.0,307600,37135420000.0
2026-02-24 09:43:33,121.5,7700,buy,2026-02-24_094333_1215000_7700,24/02/2026,PNJ,1300.0,317600,38350190000.0
2026-02-24 09:43:33,121.4,2300,buy,2026-02-24_094333_1214000_2300,24/02/2026,PNJ,1200.0,309900,37414640000.0
2026-02-24 09:43:55,121.5,800,buy,2026-02-24_094355_1215000_800,24/02/2026,PNJ,1300.0,318800,38495950000.0
2026-02-24 09:43:55,121.4,400,buy,2026-02-24_094355_1214000_400,24/02/2026,PNJ,1200.0,318000,38398750000.0
2026-02-24 09:43:56,121.5,3300,buy,2026-02-24_094356_1215000_3300,24/02/2026,PNJ,1300.0,322100,38896900000.0
2026-02-24 09:44:08,121.5,1000,buy,2026-02-24_094408_1215000_1000,24/02/2026,PNJ,1300.0,323100,39018400000.0
2026-02-24 09:44:42,121.3,1500,sell,2026-02-24_094442_1213000_1500,24/02/2026,PNJ,1100.0,324600,39200350000.0
2026-02-24 09:44:44,121.3,600,sell,2026-02-24_094444_1213000_600,24/02/2026,PNJ,1100.0,325200,39273130000.0
2026-02-24 09:44:46,121.3,100,sell,2026-02-24_094446_1213000_100,24/02/2026,PNJ,1100.0,325300,39285260000.0
2026-02-24 09:44:52,121.4,200,buy,2026-02-24_094452_1214000_200,24/02/2026,PNJ,1200.0,325500,39309540000.0
2026-02-24 09:44:52,121.5,800,buy,2026-02-24_094452_1215000_800,24/02/2026,PNJ,1300.0,326300,39406740000.0
2026-02-24 09:45:04,121.5,1400,buy,2026-02-24_094504_1215000_1400,24/02/2026,PNJ,1300.0,327700,39576840000.0
2026-02-24 09:45:04,121.7,300,buy,2026-02-24_094504_1217000_300,24/02/2026,PNJ,1500.0,332800,40197030000.0
2026-02-24 09:45:04,121.8,3500,buy,2026-02-24_094504_1218000_3500,24/02/2026,PNJ,1600.0,336300,40623330000.0
2026-02-24 09:45:04,121.6,4800,buy,2026-02-24_094504_1216000_4800,24/02/2026,PNJ,1400.0,332500,40160520000.0
2026-02-24 09:45:07,121.3,200,sell,2026-02-24_094507_1213000_200,24/02/2026,PNJ,1100.0,336500,40647590000.0
2026-02-24 09:45:29,121.4,300,sell,2026-02-24_094529_1214000_300,24/02/2026,PNJ,1200.0,336800,40684010000.0
2026-02-24 09:45:40,121.4,4700,sell,2026-02-24_094540_1214000_4700,24/02/2026,PNJ,1200.0,341500,41254590000.0
2026-02-24 09:45:40,121.3,1000,sell,2026-02-24_094540_1213000_1000,24/02/2026,PNJ,1100.0,342500,41375890000.0
2026-02-24 09:45:42,121.3,1400,sell,2026-02-24_094542_1213000_1400,24/02/2026,PNJ,1100.0,343900,41545710000.0
2026-02-24 09:45:44,121.3,300,sell,2026-02-24_094544_1213000_300,24/02/2026,PNJ,1100.0,344200,41582100000.0
2026-02-24 09:45:47,121.3,1800,sell,2026-02-24_094547_1213000_1800,24/02/2026,PNJ,1100.0,346000,41800440000.0
2026-02-24 09:45:48,121.3,400,sell,2026-02-24_094548_1213000_400,24/02/2026,PNJ,1100.0,346400,41848960000.0
2026-02-24 09:45:50,121.3,100,sell,2026-02-24_094550_1213000_100,24/02/2026,PNJ,1100.0,346500,41861090000.0
2026-02-24 09:45:51,121.3,1000,sell,2026-02-24_094551_1213000_1000,24/02/2026,PNJ,1100.0,347500,41982390000.0
2026-02-24 09:45:53,121.3,200,sell,2026-02-24_094553_1213000_200,24/02/2026,PNJ,1100.0,347700,42006650000.0
2026-02-24 09:45:56,121.6,100,buy,2026-02-24_094556_1216000_100,24/02/2026,PNJ,1400.0,348700,42128160000.0
2026-02-24 09:45:56,121.5,900,buy,2026-02-24_094556_1215000_900,24/02/2026,PNJ,1300.0,348600,42116000000.0
2026-02-24 09:45:56,121.7,800,buy,2026-02-24_094556_1217000_800,24/02/2026,PNJ,1500.0,349500,42225520000.0
2026-02-24 09:46:06,121.5,100,buy,2026-02-24_094606_1215000_100,24/02/2026,PNJ,1300.0,349600,42237670000.0
2026-02-24 09:46:23,121.5,300,buy,2026-02-24_094623_1215000_300,24/02/2026,PNJ,1300.0,349900,42274120000.0
2026-02-24 09:46:34,121.5,200,buy,2026-02-24_094634_1215000_200,24/02/2026,PNJ,1300.0,350100,42298420000.0
2026-02-24 09:46:42,121.6,100,sell,2026-02-24_094642_1216000_100,24/02/2026,PNJ,1400.0,350200,42310580000.0
2026-02-24 09:47:00,121.6,200,sell,2026-02-24_094700_1216000_200,24/02/2026,PNJ,1400.0,350400,42334900000.0
2026-02-24 09:47:11,121.5,1000,sell,2026-02-24_094711_1215000_1000,24/02/2026,PNJ,1300.0,351400,42456400000.0
2026-02-24 09:47:12,121.5,200,sell,2026-02-24_094712_1215000_200,24/02/2026,PNJ,1300.0,351600,42480700000.0
2026-02-24 09:47:46,121.5,200,sell,2026-02-24_094746_1215000_200,24/02/2026,PNJ,1300.0,351800,42505000000.0
2026-02-24 09:48:14,121.4,100,sell,2026-02-24_094814_1214000_100,24/02/2026,PNJ,1200.0,351900,42517140000.0
2026-02-24 09:48:21,121.4,200,sell,2026-02-24_094821_1214000_200,24/02/2026,PNJ,1200.0,352100,42541420000.0
2026-02-24 09:48:27,121.5,900,buy,2026-02-24_094827_1215000_900,24/02/2026,PNJ,1300.0,353000,42650770000.0
2026-02-24 09:48:31,121.3,4000,sell,2026-02-24_094831_1213000_4000,24/02/2026,PNJ,1100.0,357700,43220950000.0
2026-02-24 09:48:31,121.4,700,sell,2026-02-24_094831_1214000_700,24/02/2026,PNJ,1200.0,353700,42735750000.0
2026-02-24 09:48:41,121.3,100,buy,2026-02-24_094841_1213000_100,24/02/2026,PNJ,1100.0,357800,43233080000.0
2026-02-24 09:49:17,121.1,5000,sell,2026-02-24_094917_1211000_5000,24/02/2026,PNJ,900.0,362800,43838580000.0
2026-02-24 09:49:19,121.1,1200,sell,2026-02-24_094919_1211000_1200,24/02/2026,PNJ,900.0,364000,43983900000.0
2026-02-24 09:49:20,121.3,500,buy,2026-02-24_094920_1213000_500,24/02/2026,PNJ,1100.0,364500,44044550000.0
2026-02-24 09:49:29,121.3,1100,buy,2026-02-24_094929_1213000_1100,24/02/2026,PNJ,1100.0,365600,44177980000.0
2026-02-24 09:50:18,121.3,1800,buy,2026-02-24_095018_1213000_1800,24/02/2026,PNJ,1100.0,367400,44396320000.0
2026-02-24 09:50:36,121.3,3000,buy,2026-02-24_095036_1213000_3000,24/02/2026,PNJ,1100.0,370400,44760220000.0
2026-02-24 09:50:53,121.1,2000,sell,2026-02-24_095053_1211000_2000,24/02/2026,PNJ,900.0,372400,45002420000.0
2026-02-24 09:50:55,121.1,500,sell,2026-02-24_095055_1211000_500,24/02/2026,PNJ,900.0,372900,45062970000.0
2026-02-24 09:50:57,121.1,100,sell,2026-02-24_095057_1211000_100,24/02/2026,PNJ,900.0,373000,45075080000.0
2026-02-24 09:51:19,121.1,700,sell,2026-02-24_095119_1211000_700,24/02/2026,PNJ,900.0,373700,45159850000.0
2026-02-24 09:51:19,121.1,100,sell,2026-02-24_095119_1211000_100,24/02/2026,PNJ,900.0,373800,45171960000.0
2026-02-24 09:51:23,121.1,200,sell,2026-02-24_095123_1211000_200,24/02/2026,PNJ,900.0,374000,45196180000.0
2026-02-24 09:51:37,121.0,2000,sell,2026-02-24_095137_1210000_2000,24/02/2026,PNJ,800.0,376000,45438180000.0
2026-02-24 09:51:40,121.0,500,sell,2026-02-24_095140_1210000_500,24/02/2026,PNJ,800.0,376500,45498680000.0
2026-02-24 09:51:42,121.0,100,sell,2026-02-24_095142_1210000_100,24/02/2026,PNJ,800.0,376600,45510780000.0
2026-02-24 09:52:09,121.0,100,sell,2026-02-24_095209_1210000_100,24/02/2026,PNJ,800.0,376700,45522880000.0
2026-02-24 09:52:15,121.1,1900,buy,2026-02-24_095215_1211000_1900,24/02/2026,PNJ,900.0,379300,45837670000.0
2026-02-24 09:52:15,121.3,2100,buy,2026-02-24_095215_1213000_2100,24/02/2026,PNJ,1100.0,381700,46128760000.0
2026-02-24 09:52:15,121.2,300,buy,2026-02-24_095215_1212000_300,24/02/2026,PNJ,1000.0,379600,45874030000.0
2026-02-24 09:52:15,121.0,700,buy,2026-02-24_095215_1210000_700,24/02/2026,PNJ,800.0,377400,45607580000.0
2026-02-24 09:52:16,121.3,1200,buy,2026-02-24_095216_1213000_1200,24/02/2026,PNJ,1100.0,382900,46274320000.0
2026-02-24 09:53:56,121.0,300,sell,2026-02-24_095356_1210000_300,24/02/2026,PNJ,800.0,383200,46310620000.0
2026-02-24 09:54:25,120.9,100,sell,2026-02-24_095425_1209000_100,24/02/2026,PNJ,700.0,383300,46322710000.0
2026-02-24 09:54:29,121.0,600,buy,2026-02-24_095429_1210000_600,24/02/2026,PNJ,800.0,383900,46395310000.0
2026-02-24 09:54:29,121.3,1200,buy,2026-02-24_095429_1213000_1200,24/02/2026,PNJ,1100.0,385100,46540870000.0
2026-02-24 09:54:46,120.9,500,sell,2026-02-24_095446_1209000_500,24/02/2026,PNJ,700.0,385600,46601320000.0
2026-02-24 09:54:48,120.9,100,sell,2026-02-24_095448_1209000_100,24/02/2026,PNJ,700.0,385700,46613410000.0
2026-02-24 09:55:22,120.9,300,sell,2026-02-24_095522_1209000_300,24/02/2026,PNJ,700.0,386000,46649680000.0
2026-02-24 09:56:07,120.9,300,sell,2026-02-24_095607_1209000_300,24/02/2026,PNJ,700.0,386300,46685950000.0
2026-02-24 09:56:08,120.9,300,sell,2026-02-24_095608_1209000_300,24/02/2026,PNJ,700.0,386600,46722220000.0
2026-02-24 09:56:09,120.9,4600,sell,2026-02-24_095609_1209000_4600,24/02/2026,PNJ,700.0,391200,47278360000.0
2026-02-24 09:56:51,120.9,100,buy,2026-02-24_095651_1209000_100,24/02/2026,PNJ,700.0,391300,47290450000.0
2026-02-24 09:57:16,120.9,400,buy,2026-02-24_095716_1209000_400,24/02/2026,PNJ,700.0,391700,47338810000.0
2026-02-24 09:57:51,120.9,1200,buy,2026-02-24_095751_1209000_1200,24/02/2026,PNJ,700.0,392900,47483890000.0
2026-02-24 09:57:52,120.8,6000,sell,2026-02-24_095752_1208000_6000,24/02/2026,PNJ,600.0,398900,48208690000.0
2026-02-24 09:57:54,120.8,1800,sell,2026-02-24_095754_1208000_1800,24/02/2026,PNJ,600.0,400700,48426130000.0
2026-02-24 09:57:56,120.8,400,sell,2026-02-24_095756_1208000_400,24/02/2026,PNJ,600.0,401100,48474450000.0
2026-02-24 09:57:58,120.8,100,sell,2026-02-24_095758_1208000_100,24/02/2026,PNJ,600.0,401200,48486530000.0
2026-02-24 09:58:11,120.9,1800,buy,2026-02-24_095811_1209000_1800,24/02/2026,PNJ,700.0,403000,48704150000.0
2026-02-24 09:58:26,120.9,100,buy,2026-02-24_095826_1209000_100,24/02/2026,PNJ,700.0,403100,48716240000.0
2026-02-24 09:59:11,120.9,1200,buy,2026-02-24_095911_1209000_1200,24/02/2026,PNJ,700.0,404300,48861320000.0
2026-02-24 09:59:11,121.3,400,buy,2026-02-24_095911_1213000_400,24/02/2026,PNJ,1100.0,404900,48934040000.0
2026-02-24 09:59:11,121.0,200,buy,2026-02-24_095911_1210000_200,24/02/2026,PNJ,800.0,404500,48885520000.0
2026-02-24 10:00:07,121.2,1000,buy,2026-02-24_100007_1212000_1000,24/02/2026,PNJ,1000.0,405900,49055240000.0
2026-02-24 10:00:07,121.3,4800,buy,2026-02-24_100007_1213000_4800,24/02/2026,PNJ,1100.0,410700,49637480000.0
2026-02-24 10:00:31,121.2,100,sell,2026-02-24_100031_1212000_100,24/02/2026,PNJ,1000.0,410800,49649600000.0
2026-02-24 10:00:41,121.2,300,sell,2026-02-24_100041_1212000_300,24/02/2026,PNJ,1000.0,411100,49685960000.0
2026-02-24 10:01:07,121.2,100,sell,2026-02-24_100107_1212000_100,24/02/2026,PNJ,1000.0,411600,49746560000.0
2026-02-24 10:01:07,121.2,400,sell,2026-02-24_100107_1212000_400,24/02/2026,PNJ,1000.0,411500,49734440000.0
2026-02-24 10:01:26,121.2,300,sell,2026-02-24_100126_1212000_300,24/02/2026,PNJ,1000.0,411900,49782920000.0
2026-02-24 10:02:20,121.2,300,buy,2026-02-24_100220_1212000_300,24/02/2026,PNJ,1000.0,412200,49819280000.0
2026-02-24 10:03:25,121.2,1200,buy,2026-02-24_100325_1212000_1200,24/02/2026,PNJ,1000.0,413400,49964720000.0
2026-02-24 10:03:26,121.2,1700,buy,2026-02-24_100326_1212000_1700,24/02/2026,PNJ,1000.0,415100,50170760000.0
2026-02-24 10:03:26,121.6,16300,buy,2026-02-24_100326_1216000_16300,24/02/2026,PNJ,1400.0,453400,54824380000.0
2026-02-24 10:03:26,121.5,14700,buy,2026-02-24_100326_1215000_14700,24/02/2026,PNJ,1300.0,437100,52842300000.0
2026-02-24 10:03:26,121.3,7300,buy,2026-02-24_100326_1213000_7300,24/02/2026,PNJ,1100.0,422400,51056250000.0
2026-02-24 10:05:28,121.5,900,buy,2026-02-24_100528_1215000_900,24/02/2026,PNJ,1300.0,454300,54933730000.0
2026-02-24 10:05:28,121.6,4900,buy,2026-02-24_100528_1216000_4900,24/02/2026,PNJ,1400.0,459200,55529570000.0
2026-02-24 10:05:35,121.6,2800,buy,2026-02-24_100535_1216000_2800,24/02/2026,PNJ,1400.0,462000,55870050000.0
2026-02-24 10:05:46,121.1,3900,sell,2026-02-24_100546_1211000_3900,24/02/2026,PNJ,900.0,467000,56475660000.0
2026-02-24 10:05:46,121.2,1100,sell,2026-02-24_100546_1212000_1100,24/02/2026,PNJ,1000.0,463100,56003370000.0
2026-02-24 10:05:48,121.1,1200,sell,2026-02-24_100548_1211000_1200,24/02/2026,PNJ,900.0,468200,56620980000.0
2026-02-24 10:05:50,121.2,300,sell,2026-02-24_100550_1212000_300,24/02/2026,PNJ,1000.0,468500,56657340000.0
2026-02-24 10:05:54,121.0,2600,sell,2026-02-24_100554_1210000_2600,24/02/2026,PNJ,800.0,471100,56971940000.0
2026-02-24 10:06:12,121.0,1100,buy,2026-02-24_100612_1210000_1100,24/02/2026,PNJ,800.0,472200,57105040000.0
2026-02-24 10:06:44,120.9,500,sell,2026-02-24_100644_1209000_500,24/02/2026,PNJ,700.0,472700,57165490000.0
2026-02-24 10:07:12,120.9,600,buy,2026-02-24_100712_1209000_600,24/02/2026,PNJ,700.0,473300,57238030000.0
2026-02-24 10:08:07,120.9,200,buy,2026-02-24_100807_1209000_200,24/02/2026,PNJ,700.0,473500,57262210000.0
2026-02-24 10:08:14,121.0,4000,buy,2026-02-24_100814_1210000_4000,24/02/2026,PNJ,800.0,477700,57770390000.0
2026-02-24 10:08:14,120.9,200,buy,2026-02-24_100814_1209000_200,24/02/2026,PNJ,700.0,473700,57286390000.0
2026-02-24 10:08:14,121.5,1600,buy,2026-02-24_100814_1215000_1600,24/02/2026,PNJ,1300.0,479300,57964790000.0
2026-02-24 10:08:59,121.5,1200,buy,2026-02-24_100859_1215000_1200,24/02/2026,PNJ,1300.0,480500,58110590000.0
2026-02-24 10:09:04,120.8,4600,sell,2026-02-24_100904_1208000_4600,24/02/2026,PNJ,600.0,485100,58666270000.0
2026-02-24 10:09:06,120.8,1100,sell,2026-02-24_100906_1208000_1100,24/02/2026,PNJ,600.0,486200,58799150000.0
2026-02-24 10:09:08,120.8,200,sell,2026-02-24_100908_1208000_200,24/02/2026,PNJ,600.0,486400,58823310000.0
2026-02-24 10:09:12,120.8,4600,sell,2026-02-24_100912_1208000_4600,24/02/2026,PNJ,600.0,491000,59378990000.0
2026-02-24 10:09:14,120.8,1100,sell,2026-02-24_100914_1208000_1100,24/02/2026,PNJ,600.0,492100,59511870000.0
2026-02-24 10:09:16,120.8,200,sell,2026-02-24_100916_1208000_200,24/02/2026,PNJ,600.0,492300,59536030000.0
2026-02-24 10:09:38,120.8,100,sell,2026-02-24_100938_1208000_100,24/02/2026,PNJ,600.0,492400,59548110000.0
2026-02-24 10:09:47,120.8,300,sell,2026-02-24_100947_1208000_300,24/02/2026,PNJ,600.0,492700,59584350000.0
2026-02-24 10:10:07,121.5,2900,buy,2026-02-24_101007_1215000_2900,24/02/2026,PNJ,1300.0,495600,59936700000.0
2026-02-24 10:10:48,121.4,100,buy,2026-02-24_101048_1214000_100,24/02/2026,PNJ,1200.0,495700,59948840000.0
2026-02-24 10:11:27,121.4,2900,buy,2026-02-24_101127_1214000_2900,24/02/2026,PNJ,1200.0,498600,60300900000.0
2026-02-24 10:11:47,121.4,1100,buy,2026-02-24_101147_1214000_1100,24/02/2026,PNJ,1200.0,499700,60434440000.0
2026-02-24 10:12:04,121.4,800,buy,2026-02-24_101204_1214000_800,24/02/2026,PNJ,1200.0,500500,60531560000.0
2026-02-24 10:12:40,120.9,200,sell,2026-02-24_101240_1209000_200,24/02/2026,PNJ,700.0,500700,60555740000.0
2026-02-24 10:12:40,121.4,2900,buy,2026-02-24_101240_1214000_2900,24/02/2026,PNJ,1200.0,503600,60907800000.0
2026-02-24 10:12:58,121.4,400,buy,2026-02-24_101258_1214000_400,24/02/2026,PNJ,1200.0,504000,60956360000.0
2026-02-24 10:12:59,121.4,400,buy,2026-02-24_101259_1214000_400,24/02/2026,PNJ,1200.0,504400,61004920000.0
2026-02-24 10:13:50,121.3,100,buy,2026-02-24_101350_1213000_100,24/02/2026,PNJ,1100.0,504500,61017050000.0
2026-02-24 10:13:51,121.4,400,buy,2026-02-24_101351_1214000_400,24/02/2026,PNJ,1200.0,504900,61065610000.0
2026-02-24 10:14:17,121.3,300,sell,2026-02-24_101417_1213000_300,24/02/2026,PNJ,1100.0,505200,61102000000.0
2026-02-24 10:14:34,121.3,1100,buy,2026-02-24_101434_1213000_1100,24/02/2026,PNJ,1100.0,506300,61235430000.0
2026-02-24 10:14:35,121.3,100,sell,2026-02-24_101435_1213000_100,24/02/2026,PNJ,1100.0,506400,61247560000.0
2026-02-24 10:14:42,121.3,400,buy,2026-02-24_101442_1213000_400,24/02/2026,PNJ,1100.0,506800,61296080000.0
2026-02-24 10:14:42,121.3,100,buy,2026-02-24_101442_1213000_100,24/02/2026,PNJ,1100.0,506900,61308210000.0
2026-02-24 10:14:44,121.3,100,sell,2026-02-24_101444_1213000_100,24/02/2026,PNJ,1100.0,507000,61320340000.0
2026-02-24 10:15:16,121.3,200,sell,2026-02-24_101516_1213000_200,24/02/2026,PNJ,1100.0,507200,61344600000.0
2026-02-24 10:15:32,121.3,300,buy,2026-02-24_101532_1213000_300,24/02/2026,PNJ,1100.0,507500,61380990000.0
2026-02-24 10:15:36,121.4,400,buy,2026-02-24_101536_1214000_400,24/02/2026,PNJ,1200.0,507900,61429550000.0
2026-02-24 10:16:10,121.4,2900,buy,2026-02-24_101610_1214000_2900,24/02/2026,PNJ,1200.0,510800,61781610000.0
2026-02-24 10:16:21,121.3,100,sell,2026-02-24_101621_1213000_100,24/02/2026,PNJ,1100.0,510900,61793740000.0
2026-02-24 10:16:26,121.4,400,buy,2026-02-24_101626_1214000_400,24/02/2026,PNJ,1200.0,511300,61842300000.0
2026-02-24 10:16:29,121.4,400,buy,2026-02-24_101629_1214000_400,24/02/2026,PNJ,1200.0,511700,61890860000.0
2026-02-24 10:16:37,121.3,100,sell,2026-02-24_101637_1213000_100,24/02/2026,PNJ,1100.0,511800,61902990000.0
2026-02-24 10:16:50,121.3,200,sell,2026-02-24_101650_1213000_200,24/02/2026,PNJ,1100.0,512000,61927250000.0
2026-02-24 10:17:19,121.4,400,buy,2026-02-24_101719_1214000_400,24/02/2026,PNJ,1200.0,512400,61975810000.0
2026-02-24 10:17:21,121.4,1100,buy,2026-02-24_101721_1214000_1100,24/02/2026,PNJ,1200.0,513500,62109350000.0
2026-02-24 10:17:24,121.4,400,buy,2026-02-24_101724_1214000_400,24/02/2026,PNJ,1200.0,513900,62157910000.0
2026-02-24 10:17:27,121.4,100,buy,2026-02-24_101727_1214000_100,24/02/2026,PNJ,1200.0,514000,62170050000.0
2026-02-24 10:17:30,121.4,100,buy,2026-02-24_101730_1214000_100,24/02/2026,PNJ,1200.0,514100,62182190000.0
2026-02-24 10:17:31,121.3,300,sell,2026-02-24_101731_1213000_300,24/02/2026,PNJ,1100.0,514400,62218580000.0
2026-02-24 10:18:13,121.2,400,buy,2026-02-24_101813_1212000_400,24/02/2026,PNJ,1000.0,514800,62267060000.0
2026-02-24 10:18:15,121.2,400,buy,2026-02-24_101815_1212000_400,24/02/2026,PNJ,1000.0,515200,62315540000.0
2026-02-24 10:18:57,120.9,1400,sell,2026-02-24_101857_1209000_1400,24/02/2026,PNJ,700.0,516600,62484800000.0
2026-02-24 10:19:06,120.9,400,buy,2026-02-24_101906_1209000_400,24/02/2026,PNJ,700.0,517000,62533160000.0
2026-02-24 10:19:09,120.9,400,buy,2026-02-24_101909_1209000_400,24/02/2026,PNJ,700.0,517400,62581520000.0
2026-02-24 10:19:59,120.9,400,buy,2026-02-24_101959_1209000_400,24/02/2026,PNJ,700.0,518200,62678240000.0
2026-02-24 10:20:01,120.9,400,buy,2026-02-24_102001_1209000_400,24/02/2026,PNJ,700.0,518600,62726600000.0
2026-02-24 10:20:08,120.9,1200,buy,2026-02-24_102008_1209000_1200,24/02/2026,PNJ,700.0,519800,62871680000.0
2026-02-24 10:20:51,120.9,400,buy,2026-02-24_102051_1209000_400,24/02/2026,PNJ,700.0,520200,62920040000.0
2026-02-24 10:20:53,120.9,400,buy,2026-02-24_102053_1209000_400,24/02/2026,PNJ,700.0,520600,62968400000.0
2026-02-24 10:21:21,120.8,500,sell,2026-02-24_102121_1208000_500,24/02/2026,PNJ,600.0,521100,63028800000.0
2026-02-24 10:21:24,120.8,100,sell,2026-02-24_102124_1208000_100,24/02/2026,PNJ,600.0,521200,63040880000.0
2026-02-24 10:21:43,120.9,500,buy,2026-02-24_102143_1209000_500,24/02/2026,PNJ,700.0,521700,63101330000.0
2026-02-24 10:21:45,120.9,400,buy,2026-02-24_102145_1209000_400,24/02/2026,PNJ,700.0,522100,63149690000.0
2026-02-24 10:22:38,120.9,800,buy,2026-02-24_102238_1209000_800,24/02/2026,PNJ,700.0,522900,63246410000.0
2026-02-24 10:22:55,120.9,1100,buy,2026-02-24_102255_1209000_1100,24/02/2026,PNJ,700.0,524000,63379400000.0
2026-02-24 10:23:30,120.9,900,buy,2026-02-24_102330_1209000_900,24/02/2026,PNJ,700.0,524900,63488210000.0
2026-02-24 10:24:20,120.9,400,buy,2026-02-24_102420_1209000_400,24/02/2026,PNJ,700.0,525300,63536570000.0
2026-02-24 10:24:25,120.9,400,buy,2026-02-24_102425_1209000_400,24/02/2026,PNJ,700.0,525700,63584930000.0
2026-02-24 10:24:44,120.9,100,buy,2026-02-24_102444_1209000_100,24/02/2026,PNJ,700.0,525800,63597020000.0
2026-02-24 10:24:48,120.9,200,buy,2026-02-24_102448_1209000_200,24/02/2026,PNJ,700.0,526000,63621200000.0
2026-02-24 10:25:12,120.9,500,buy,2026-02-24_102512_1209000_500,24/02/2026,PNJ,700.0,526500,63681650000.0
2026-02-24 10:25:15,120.9,400,buy,2026-02-24_102515_1209000_400,24/02/2026,PNJ,700.0,526900,63730010000.0
2026-02-24 10:25:25,120.9,100,buy,2026-02-24_102525_1209000_100,24/02/2026,PNJ,700.0,527000,63742100000.0
2026-02-24 10:25:42,120.9,1200,buy,2026-02-24_102542_1209000_1200,24/02/2026,PNJ,700.0,528200,63887180000.0
2026-02-24 10:25:56,120.8,1700,sell,2026-02-24_102556_1208000_1700,24/02/2026,PNJ,600.0,529900,64092540000.0
2026-02-24 10:26:07,120.8,100,sell,2026-02-24_102607_1208000_100,24/02/2026,PNJ,600.0,530600,64177100000.0
2026-02-24 10:26:07,120.8,400,buy,2026-02-24_102607_1208000_400,24/02/2026,PNJ,600.0,530300,64140860000.0
2026-02-24 10:26:07,120.8,200,buy,2026-02-24_102607_1208000_200,24/02/2026,PNJ,600.0,530500,64165020000.0
2026-02-24 10:26:24,120.8,100,sell,2026-02-24_102624_1208000_100,24/02/2026,PNJ,600.0,530700,64189180000.0
2026-02-24 10:26:57,120.8,400,buy,2026-02-24_102657_1208000_400,24/02/2026,PNJ,600.0,531100,64237500000.0
2026-02-24 10:26:58,120.7,100,sell,2026-02-24_102658_1207000_100,24/02/2026,PNJ,500.0,531200,64249570000.0
2026-02-24 10:27:00,120.8,400,buy,2026-02-24_102700_1208000_400,24/02/2026,PNJ,600.0,531700,64309960000.0
2026-02-24 10:27:00,120.7,100,sell,2026-02-24_102700_1207000_100,24/02/2026,PNJ,500.0,531300,64261640000.0
2026-02-24 10:27:48,120.8,400,buy,2026-02-24_102748_1208000_400,24/02/2026,PNJ,600.0,532100,64358280000.0
2026-02-24 10:27:50,120.8,400,buy,2026-02-24_102750_1208000_400,24/02/2026,PNJ,600.0,532500,64406600000.0
2026-02-24 10:28:30,120.8,1200,buy,2026-02-24_102830_1208000_1200,24/02/2026,PNJ,600.0,533700,64551560000.0
2026-02-24 10:28:41,120.8,400,buy,2026-02-24_102841_1208000_400,24/02/2026,PNJ,600.0,534500,64648200000.0
2026-02-24 10:29:32,120.8,400,buy,2026-02-24_102932_1208000_400,24/02/2026,PNJ,600.0,534900,64696520000.0
2026-02-24 10:29:34,120.8,400,buy,2026-02-24_102934_1208000_400,24/02/2026,PNJ,600.0,535300,64744840000.0
2026-02-24 10:29:44,120.7,1200,sell,2026-02-24_102944_1207000_1200,24/02/2026,PNJ,500.0,536500,64889680000.0
2026-02-24 10:29:46,120.7,300,sell,2026-02-24_102946_1207000_300,24/02/2026,PNJ,500.0,536800,64925890000.0
2026-02-24 10:29:55,120.7,1500,sell,2026-02-24_102955_1207000_1500,24/02/2026,PNJ,500.0,538300,65106940000.0
2026-02-24 10:30:25,120.7,800,buy,2026-02-24_103025_1207000_800,24/02/2026,PNJ,500.0,539100,65203500000.0
2026-02-24 10:31:00,120.6,3100,sell,2026-02-24_103100_1206000_3100,24/02/2026,PNJ,400.0,542200,65577360000.0
2026-02-24 10:31:16,120.6,400,buy,2026-02-24_103116_1206000_400,24/02/2026,PNJ,400.0,542600,65625600000.0
2026-02-24 10:31:17,120.6,300,buy,2026-02-24_103117_1206000_300,24/02/2026,PNJ,400.0,542900,65661780000.0
2026-02-24 10:31:17,120.6,100,sell,2026-02-24_103117_1206000_100,24/02/2026,PNJ,400.0,543000,65673840000.0
2026-02-24 10:31:17,120.6,700,sell,2026-02-24_103117_1206000_700,24/02/2026,PNJ,400.0,543700,65758260000.0
2026-02-24 10:31:18,120.7,400,buy,2026-02-24_103118_1207000_400,24/02/2026,PNJ,500.0,544100,65806540000.0
2026-02-24 10:32:08,120.7,400,buy,2026-02-24_103208_1207000_400,24/02/2026,PNJ,500.0,544900,65903100000.0
2026-02-24 10:32:59,120.7,400,buy,2026-02-24_103259_1207000_400,24/02/2026,PNJ,500.0,545300,65951380000.0
2026-02-24 10:33:02,120.7,400,buy,2026-02-24_103302_1207000_400,24/02/2026,PNJ,500.0,545700,65999660000.0
2026-02-24 10:33:19,120.7,100,buy,2026-02-24_103319_1207000_100,24/02/2026,PNJ,500.0,545800,66011730000.0
2026-02-24 10:33:23,120.3,2200,sell,2026-02-24_103323_1203000_2200,24/02/2026,PNJ,100.0,548300,66312540000.0
2026-02-24 10:33:23,120.5,300,sell,2026-02-24_103323_1205000_300,24/02/2026,PNJ,300.0,546100,66047880000.0
2026-02-24 10:33:24,120.3,200,sell,2026-02-24_103324_1203000_200,24/02/2026,PNJ,100.0,548500,66336600000.0
2026-02-24 10:33:53,120.3,400,buy,2026-02-24_103353_1203000_400,24/02/2026,PNJ,100.0,549300,66432840000.0
2026-02-24 10:34:00,120.2,1000,sell,2026-02-24_103400_1202000_1000,24/02/2026,PNJ,0.0,550300,66553040000.0
2026-02-24 10:34:02,120.2,200,sell,2026-02-24_103402_1202000_200,24/02/2026,PNJ,0.0,550500,66577080000.0
2026-02-24 10:34:10,120.2,700,sell,2026-02-24_103410_1202000_700,24/02/2026,PNJ,0.0,551200,66661220000.0
2026-02-24 10:34:11,120.2,100,sell,2026-02-24_103411_1202000_100,24/02/2026,PNJ,0.0,551300,66673240000.0
2026-02-24 10:34:20,120.2,400,sell,2026-02-24_103420_1202000_400,24/02/2026,PNJ,0.0,551700,66721320000.0
2026-02-24 10:34:21,120.2,100,sell,2026-02-24_103421_1202000_100,24/02/2026,PNJ,0.0,551800,66733340000.0
2026-02-24 10:34:22,120.2,100,sell,2026-02-24_103422_1202000_100,24/02/2026,PNJ,0.0,551900,66745360000.0
2026-02-24 10:34:44,120.3,400,buy,2026-02-24_103444_1203000_400,24/02/2026,PNJ,100.0,552300,66793480000.0
2026-02-24 10:34:47,120.3,400,buy,2026-02-24_103447_1203000_400,24/02/2026,PNJ,100.0,552700,66841600000.0
2026-02-24 10:35:21,120.3,100,buy,2026-02-24_103521_1203000_100,24/02/2026,PNJ,100.0,552800,66853630000.0
2026-02-24 10:35:38,120.3,400,buy,2026-02-24_103538_1203000_400,24/02/2026,PNJ,100.0,553200,66901750000.0
2026-02-24 10:35:39,120.3,400,buy,2026-02-24_103539_1203000_400,24/02/2026,PNJ,100.0,553600,66949870000.0
2026-02-24 10:35:56,120.2,1800,sell,2026-02-24_103556_1202000_1800,24/02/2026,PNJ,0.0,555400,67166230000.0
2026-02-24 10:35:58,120.2,400,sell,2026-02-24_103558_1202000_400,24/02/2026,PNJ,0.0,555800,67214310000.0
2026-02-24 10:35:59,120.2,100,sell,2026-02-24_103559_1202000_100,24/02/2026,PNJ,0.0,555900,67226330000.0
2026-02-24 10:36:28,120.2,100,sell,2026-02-24_103628_1202000_100,24/02/2026,PNJ,0.0,556000,67238350000.0
2026-02-24 10:36:29,120.3,400,buy,2026-02-24_103629_1203000_400,24/02/2026,PNJ,100.0,556400,67286470000.0
2026-02-24 10:36:33,120.3,400,buy,2026-02-24_103633_1203000_400,24/02/2026,PNJ,100.0,556800,67334590000.0
2026-02-24 10:36:51,120.3,1100,buy,2026-02-24_103651_1203000_1100,24/02/2026,PNJ,100.0,557900,67466920000.0
2026-02-24 10:36:58,120.2,2800,sell,2026-02-24_103658_1202000_2800,24/02/2026,PNJ,0.0,560700,67803480000.0
2026-02-24 10:37:04,120.2,100,buy,2026-02-24_103704_1202000_100,24/02/2026,PNJ,0.0,560800,67815500000.0
2026-02-24 10:37:19,120.2,400,buy,2026-02-24_103719_1202000_400,24/02/2026,PNJ,0.0,561200,67863580000.0
2026-02-24 10:37:27,120.2,400,buy,2026-02-24_103727_1202000_400,24/02/2026,PNJ,0.0,561600,67911660000.0
2026-02-24 10:38:02,120.2,500,buy,2026-02-24_103802_1202000_500,24/02/2026,PNJ,0.0,562100,67971760000.0
2026-02-24 10:38:03,120.2,100,buy,2026-02-24_103803_1202000_100,24/02/2026,PNJ,0.0,562200,67983780000.0
2026-02-24 10:38:12,120.2,4000,buy,2026-02-24_103812_1202000_4000,24/02/2026,PNJ,0.0,566200,68464580000.0
2026-02-24 10:38:12,120.2,400,buy,2026-02-24_103812_1202000_400,24/02/2026,PNJ,0.0,566600,68512660000.0
2026-02-24 10:38:21,120.2,400,buy,2026-02-24_103821_1202000_400,24/02/2026,PNJ,0.0,567000,68560740000.0
2026-02-24 10:38:40,120.2,100,buy,2026-02-24_103840_1202000_100,24/02/2026,PNJ,0.0,567100,68572760000.0
2026-02-24 10:38:52,120.1,100,sell,2026-02-24_103852_1201000_100,24/02/2026,PNJ,-100.0,567200,68584770000.0
2026-02-24 10:39:03,120.2,400,buy,2026-02-24_103903_1202000_400,24/02/2026,PNJ,0.0,567600,68632850000.0
2026-02-24 10:39:14,120.2,400,buy,2026-02-24_103914_1202000_400,24/02/2026,PNJ,0.0,568000,68680930000.0
2026-02-24 10:39:38,120.2,1200,buy,2026-02-24_103938_1202000_1200,24/02/2026,PNJ,0.0,569200,68825170000.0
2026-02-24 10:39:55,120.2,400,buy,2026-02-24_103955_1202000_400,24/02/2026,PNJ,0.0,569600,68873250000.0
2026-02-24 10:40:05,120.2,500,buy,2026-02-24_104005_1202000_500,24/02/2026,PNJ,0.0,570100,68933350000.0
2026-02-24 10:40:14,120.2,4800,buy,2026-02-24_104014_1202000_4800,24/02/2026,PNJ,0.0,574900,69510310000.0
2026-02-24 10:40:16,120.2,100,sell,2026-02-24_104016_1202000_100,24/02/2026,PNJ,0.0,575000,69522330000.0
2026-02-24 10:40:46,120.2,400,buy,2026-02-24_104046_1202000_400,24/02/2026,PNJ,0.0,575400,69570410000.0
2026-02-24 10:40:59,120.2,400,buy,2026-02-24_104059_1202000_400,24/02/2026,PNJ,0.0,575800,69618490000.0
2026-02-24 10:41:22,120.2,200,buy,2026-02-24_104122_1202000_200,24/02/2026,PNJ,0.0,576000,69642530000.0
2026-02-24 10:41:39,120.2,400,buy,2026-02-24_104139_1202000_400,24/02/2026,PNJ,0.0,576400,69690610000.0
2026-02-24 10:41:50,120.2,400,buy,2026-02-24_104150_1202000_400,24/02/2026,PNJ,0.0,576800,69738690000.0
2026-02-24 10:42:25,120.2,1100,buy,2026-02-24_104225_1202000_1100,24/02/2026,PNJ,0.0,577900,69870910000.0
2026-02-24 10:42:31,120.2,400,buy,2026-02-24_104231_1202000_400,24/02/2026,PNJ,0.0,578300,69918990000.0
2026-02-24 10:42:41,120.2,500,buy,2026-02-24_104241_1202000_500,24/02/2026,PNJ,0.0,578800,69979090000.0
2026-02-24 10:42:49,120.0,16800,sell,2026-02-24_104249_1200000_16800,24/02/2026,PNJ,-200.0,599100,72415440000.0
2026-02-24 10:42:49,120.1,3500,sell,2026-02-24_104249_1201000_3500,24/02/2026,PNJ,-100.0,582300,70399440000.0
2026-02-24 10:42:56,119.9,300,sell,2026-02-24_104256_1199000_300,24/02/2026,PNJ,-300.0,599400,72451410000.0
2026-02-24 10:43:16,119.9,300,sell,2026-02-24_104316_1199000_300,24/02/2026,PNJ,-300.0,599700,72487380000.0
2026-02-24 10:43:18,119.9,2000,sell,2026-02-24_104318_1199000_2000,24/02/2026,PNJ,-300.0,601700,72727180000.0
2026-02-24 10:43:25,120.0,500,buy,2026-02-24_104325_1200000_500,24/02/2026,PNJ,-200.0,602200,72787180000.0
2026-02-24 10:43:31,120.0,100,buy,2026-02-24_104331_1200000_100,24/02/2026,PNJ,-200.0,602300,72799180000.0
2026-02-24 10:43:36,120.0,400,buy,2026-02-24_104336_1200000_400,24/02/2026,PNJ,-200.0,602700,72847180000.0
2026-02-24 10:44:19,120.0,200,buy,2026-02-24_104419_1200000_200,24/02/2026,PNJ,-200.0,602900,72871180000.0
2026-02-24 10:44:20,120.0,400,buy,2026-02-24_104420_1200000_400,24/02/2026,PNJ,-200.0,603300,72919180000.0
2026-02-24 10:44:22,120.0,100,buy,2026-02-24_104422_1200000_100,24/02/2026,PNJ,-200.0,603400,72931180000.0
2026-02-24 10:44:28,120.0,400,buy,2026-02-24_104428_1200000_400,24/02/2026,PNJ,-200.0,603800,72979180000.0
2026-02-24 10:44:36,120.0,13600,buy,2026-02-24_104436_1200000_13600,24/02/2026,PNJ,-200.0,617400,74611180000.0
2026-02-24 10:44:54,120.0,100,buy,2026-02-24_104454_1200000_100,24/02/2026,PNJ,-200.0,617500,74623180000.0
2026-02-24 10:44:58,120.0,200,buy,2026-02-24_104458_1200000_200,24/02/2026,PNJ,-200.0,617700,74647180000.0
2026-02-24 10:45:04,119.9,100,sell,2026-02-24_104504_1199000_100,24/02/2026,PNJ,-300.0,617800,74659170000.0
2026-02-24 10:45:10,120.0,400,buy,2026-02-24_104510_1200000_400,24/02/2026,PNJ,-200.0,618200,74707170000.0
2026-02-24 10:45:13,120.0,1200,buy,2026-02-24_104513_1200000_1200,24/02/2026,PNJ,-200.0,619400,74851170000.0
2026-02-24 10:45:21,119.9,500,sell,2026-02-24_104521_1199000_500,24/02/2026,PNJ,-300.0,620300,74959120000.0
2026-02-24 10:45:21,120.0,400,buy,2026-02-24_104521_1200000_400,24/02/2026,PNJ,-200.0,619800,74899170000.0
2026-02-24 10:45:22,119.9,400,sell,2026-02-24_104522_1199000_400,24/02/2026,PNJ,-300.0,620700,75007080000.0
2026-02-24 10:45:59,119.9,100,buy,2026-02-24_104559_1199000_100,24/02/2026,PNJ,-300.0,620800,75019070000.0
2026-02-24 10:46:02,119.9,400,buy,2026-02-24_104602_1199000_400,24/02/2026,PNJ,-300.0,621200,75067030000.0
2026-02-24 10:46:06,119.8,2200,sell,2026-02-24_104606_1198000_2200,24/02/2026,PNJ,-400.0,623400,75330590000.0
2026-02-24 10:46:13,119.9,500,buy,2026-02-24_104613_1199000_500,24/02/2026,PNJ,-300.0,623900,75390540000.0
2026-02-24 10:46:54,119.8,200,buy,2026-02-24_104654_1198000_200,24/02/2026,PNJ,-400.0,624100,75414500000.0
2026-02-24 10:46:55,119.9,200,buy,2026-02-24_104655_1199000_200,24/02/2026,PNJ,-300.0,624300,75438480000.0
2026-02-24 10:47:08,119.9,400,buy,2026-02-24_104708_1199000_400,24/02/2026,PNJ,-300.0,624900,75510420000.0
2026-02-24 10:47:14,119.8,300,sell,2026-02-24_104714_1198000_300,24/02/2026,PNJ,-400.0,625200,75546360000.0
2026-02-24 10:47:19,119.8,100,buy,2026-02-24_104719_1198000_100,24/02/2026,PNJ,-400.0,625300,75558340000.0
2026-02-24 10:47:48,119.8,400,buy,2026-02-24_104748_1198000_400,24/02/2026,PNJ,-400.0,625700,75606260000.0
2026-02-24 10:47:53,119.7,1200,sell,2026-02-24_104753_1197000_1200,24/02/2026,PNJ,-500.0,626900,75749900000.0
2026-02-24 10:47:58,119.7,400,buy,2026-02-24_104758_1197000_400,24/02/2026,PNJ,-500.0,627300,75797780000.0
2026-02-24 10:48:00,119.7,900,buy,2026-02-24_104800_1197000_900,24/02/2026,PNJ,-500.0,628200,75905510000.0
2026-02-24 10:48:18,119.7,200,sell,2026-02-24_104818_1197000_200,24/02/2026,PNJ,-500.0,628400,75929450000.0
2026-02-24 10:48:31,119.7,100,buy,2026-02-24_104831_1197000_100,24/02/2026,PNJ,-500.0,628500,75941420000.0
2026-02-24 10:48:41,119.7,100,buy,2026-02-24_104841_1197000_100,24/02/2026,PNJ,-500.0,628600,75953390000.0
2026-02-24 10:48:52,119.8,100,buy,2026-02-24_104852_1198000_100,24/02/2026,PNJ,-400.0,628700,75965370000.0
2026-02-24 10:48:54,119.7,200,sell,2026-02-24_104854_1197000_200,24/02/2026,PNJ,-500.0,628900,75989310000.0
2026-02-24 10:48:54,119.6,500,sell,2026-02-24_104854_1196000_500,24/02/2026,PNJ,-600.0,629400,76049110000.0
2026-02-24 10:49:10,119.6,100,sell,2026-02-24_104910_1196000_100,24/02/2026,PNJ,-600.0,629600,76073040000.0
2026-02-24 10:49:10,119.7,100,sell,2026-02-24_104910_1197000_100,24/02/2026,PNJ,-500.0,629500,76061080000.0
2026-02-24 10:49:11,119.6,900,sell,2026-02-24_104911_1196000_900,24/02/2026,PNJ,-600.0,630500,76180680000.0
2026-02-24 10:49:34,119.6,200,buy,2026-02-24_104934_1196000_200,24/02/2026,PNJ,-600.0,630700,76204600000.0
2026-02-24 10:49:42,119.5,400,sell,2026-02-24_104942_1195000_400,24/02/2026,PNJ,-700.0,631100,76252400000.0
2026-02-24 10:49:55,119.5,500,sell,2026-02-24_104955_1195000_500,24/02/2026,PNJ,-700.0,631600,76312150000.0
2026-02-24 10:49:57,119.6,300,buy,2026-02-24_104957_1196000_300,24/02/2026,PNJ,-600.0,631900,76348030000.0
2026-02-24 10:50:40,119.6,100,buy,2026-02-24_105040_1196000_100,24/02/2026,PNJ,-600.0,632000,76359990000.0
2026-02-24 10:50:47,119.6,1200,buy,2026-02-24_105047_1196000_1200,24/02/2026,PNJ,-600.0,633200,76503510000.0
2026-02-24 10:50:47,119.6,100,buy,2026-02-24_105047_1196000_100,24/02/2026,PNJ,-600.0,633300,76515470000.0
2026-02-24 10:50:52,119.6,400,buy,2026-02-24_105052_1196000_400,24/02/2026,PNJ,-600.0,633700,76563310000.0
2026-02-24 10:51:03,119.6,100,buy,2026-02-24_105103_1196000_100,24/02/2026,PNJ,-600.0,633800,76575270000.0
2026-02-24 10:51:24,119.5,100,sell,2026-02-24_105124_1195000_100,24/02/2026,PNJ,-700.0,633900,76587220000.0
2026-02-24 10:51:36,119.5,500,sell,2026-02-24_105136_1195000_500,24/02/2026,PNJ,-700.0,634400,76646970000.0
2026-02-24 10:51:40,119.6,500,buy,2026-02-24_105140_1196000_500,24/02/2026,PNJ,-600.0,634900,76706770000.0
2026-02-24 10:51:43,119.4,100,sell,2026-02-24_105143_1194000_100,24/02/2026,PNJ,-800.0,636500,76897960000.0
2026-02-24 10:51:43,119.5,1500,sell,2026-02-24_105143_1195000_1500,24/02/2026,PNJ,-700.0,636400,76886020000.0
2026-02-24 10:51:43,119.3,4700,sell,2026-02-24_105143_1193000_4700,24/02/2026,PNJ,-900.0,641200,77458670000.0
2026-02-24 10:52:41,119.3,5800,sell,2026-02-24_105241_1193000_5800,24/02/2026,PNJ,-900.0,647000,78150610000.0
2026-02-24 10:52:43,119.3,1300,sell,2026-02-24_105243_1193000_1300,24/02/2026,PNJ,-900.0,648300,78305700000.0
2026-02-24 10:52:43,119.2,500,sell,2026-02-24_105243_1192000_500,24/02/2026,PNJ,-1000.0,648800,78365300000.0
2026-02-24 10:52:54,119.2,2000,sell,2026-02-24_105254_1192000_2000,24/02/2026,PNJ,-1000.0,650800,78603700000.0
2026-02-24 10:53:01,119.2,1000,sell,2026-02-24_105301_1192000_1000,24/02/2026,PNJ,-1000.0,651800,78722900000.0
2026-02-24 10:53:02,119.2,200,sell,2026-02-24_105302_1192000_200,24/02/2026,PNJ,-1000.0,652000,78746740000.0
2026-02-24 10:53:35,119.2,100,sell,2026-02-24_105335_1192000_100,24/02/2026,PNJ,-1000.0,652100,78758660000.0
2026-02-24 10:53:56,119.5,2000,buy,2026-02-24_105356_1195000_2000,24/02/2026,PNJ,-700.0,654600,79057360000.0
2026-02-24 10:53:56,119.4,500,buy,2026-02-24_105356_1194000_500,24/02/2026,PNJ,-800.0,652600,78818360000.0
2026-02-24 10:53:56,119.5,2500,buy,2026-02-24_105356_1195000_2500,24/02/2026,PNJ,-700.0,657100,79356110000.0
2026-02-24 10:54:01,119.6,1900,buy,2026-02-24_105401_1196000_1900,24/02/2026,PNJ,-600.0,659600,79655050000.0
2026-02-24 10:54:01,119.5,600,buy,2026-02-24_105401_1195000_600,24/02/2026,PNJ,-700.0,657700,79427810000.0
2026-02-24 10:54:01,119.6,2500,buy,2026-02-24_105401_1196000_2500,24/02/2026,PNJ,-600.0,662100,79954050000.0
2026-02-24 10:54:06,119.6,3500,buy,2026-02-24_105406_1196000_3500,24/02/2026,PNJ,-600.0,665600,80372650000.0
2026-02-24 10:54:08,119.8,4500,buy,2026-02-24_105408_1198000_4500,24/02/2026,PNJ,-400.0,670100,80911750000.0
2026-02-24 10:54:09,119.8,4400,buy,2026-02-24_105409_1198000_4400,24/02/2026,PNJ,-400.0,674500,81438870000.0
2026-02-24 10:54:33,119.8,100,buy,2026-02-24_105433_1198000_100,24/02/2026,PNJ,-400.0,674600,81450850000.0
2026-02-24 10:55:12,119.8,100,buy,2026-02-24_105512_1198000_100,24/02/2026,PNJ,-400.0,674700,81462830000.0
2026-02-24 10:55:42,119.8,1000,buy,2026-02-24_105542_1198000_1000,24/02/2026,PNJ,-400.0,675700,81582630000.0
2026-02-24 10:56:03,119.6,1100,sell,2026-02-24_105603_1196000_1100,24/02/2026,PNJ,-600.0,676800,81714190000.0
2026-02-24 10:56:11,119.6,100,buy,2026-02-24_105611_1196000_100,24/02/2026,PNJ,-600.0,676900,81726150000.0
2026-02-24 10:56:21,119.6,1200,buy,2026-02-24_105621_1196000_1200,24/02/2026,PNJ,-600.0,678100,81869670000.0
2026-02-24 10:56:38,119.6,800,buy,2026-02-24_105638_1196000_800,24/02/2026,PNJ,-600.0,678900,81965350000.0
2026-02-24 10:56:41,119.6,500,buy,2026-02-24_105641_1196000_500,24/02/2026,PNJ,-600.0,679400,82025150000.0
2026-02-24 10:56:56,119.6,100,buy,2026-02-24_105656_1196000_100,24/02/2026,PNJ,-600.0,679500,82037110000.0
2026-02-24 10:57:10,119.6,3600,buy,2026-02-24_105710_1196000_3600,24/02/2026,PNJ,-600.0,683100,82467670000.0
2026-02-24 10:57:31,119.8,200,buy,2026-02-24_105731_1198000_200,24/02/2026,PNJ,-400.0,683300,82491630000.0
2026-02-24 10:57:31,119.8,400,buy,2026-02-24_105731_1198000_400,24/02/2026,PNJ,-400.0,683700,82539550000.0
2026-02-24 10:57:32,119.8,400,buy,2026-02-24_105732_1198000_400,24/02/2026,PNJ,-400.0,684100,82587470000.0
2026-02-24 10:57:35,119.6,400,sell,2026-02-24_105735_1196000_400,24/02/2026,PNJ,-600.0,684500,82635310000.0
2026-02-24 10:57:56,119.6,1100,sell,2026-02-24_105756_1196000_1100,24/02/2026,PNJ,-600.0,685600,82766870000.0
2026-02-24 10:58:23,119.6,400,buy,2026-02-24_105823_1196000_400,24/02/2026,PNJ,-600.0,686000,82814710000.0
2026-02-24 10:58:26,119.6,400,buy,2026-02-24_105826_1196000_400,24/02/2026,PNJ,-600.0,686400,82862550000.0
2026-02-24 10:58:28,119.6,500,buy,2026-02-24_105828_1196000_500,24/02/2026,PNJ,-600.0,686900,82922350000.0
2026-02-24 10:58:39,119.5,1500,sell,2026-02-24_105839_1195000_1500,24/02/2026,PNJ,-700.0,688400,83101600000.0
2026-02-24 10:59:08,119.5,300,buy,2026-02-24_105908_1195000_300,24/02/2026,PNJ,-700.0,688700,83137450000.0
2026-02-24 10:59:16,119.6,400,buy,2026-02-24_105916_1196000_400,24/02/2026,PNJ,-600.0,689500,83233130000.0
2026-02-24 10:59:21,119.6,100,buy,2026-02-24_105921_1196000_100,24/02/2026,PNJ,-600.0,689600,83245090000.0
2026-02-24 10:59:38,119.5,2500,sell,2026-02-24_105938_1195000_2500,24/02/2026,PNJ,-700.0,692100,83543840000.0
2026-02-24 11:00:10,119.5,400,buy,2026-02-24_110010_1195000_400,24/02/2026,PNJ,-700.0,692500,83591640000.0
2026-02-24 11:00:11,119.5,400,buy,2026-02-24_110011_1195000_400,24/02/2026,PNJ,-700.0,692900,83639440000.0
2026-02-24 11:01:02,119.5,200,buy,2026-02-24_110102_1195000_200,24/02/2026,PNJ,-700.0,693100,83663340000.0
2026-02-24 11:01:04,119.5,400,buy,2026-02-24_110104_1195000_400,24/02/2026,PNJ,-700.0,693900,83758940000.0
2026-02-24 11:01:38,119.5,200,buy,2026-02-24_110138_1195000_200,24/02/2026,PNJ,-700.0,694100,83782840000.0
2026-02-24 11:01:46,119.5,100,buy,2026-02-24_110146_1195000_100,24/02/2026,PNJ,-700.0,694200,83794790000.0
2026-02-24 11:01:52,119.5,500,buy,2026-02-24_110152_1195000_500,24/02/2026,PNJ,-700.0,694700,83854540000.0
2026-02-24 11:01:54,119.5,400,buy,2026-02-24_110154_1195000_400,24/02/2026,PNJ,-700.0,695100,83902340000.0
2026-02-24 11:01:55,119.5,400,buy,2026-02-24_110155_1195000_400,24/02/2026,PNJ,-700.0,695500,83950140000.0
2026-02-24 11:01:56,119.5,1200,buy,2026-02-24_110156_1195000_1200,24/02/2026,PNJ,-700.0,696700,84093540000.0
2026-02-24 11:02:12,119.5,300,buy,2026-02-24_110212_1195000_300,24/02/2026,PNJ,-700.0,697000,84129390000.0
2026-02-24 11:02:39,119.5,100,buy,2026-02-24_110239_1195000_100,24/02/2026,PNJ,-700.0,697100,84141340000.0
2026-02-24 11:02:47,119.5,400,buy,2026-02-24_110247_1195000_400,24/02/2026,PNJ,-700.0,697500,84189140000.0
2026-02-24 11:02:49,119.5,400,buy,2026-02-24_110249_1195000_400,24/02/2026,PNJ,-700.0,697900,84236940000.0
2026-02-24 11:03:32,119.4,5000,sell,2026-02-24_110332_1194000_5000,24/02/2026,PNJ,-800.0,702900,84833940000.0
2026-02-24 11:03:37,119.5,400,buy,2026-02-24_110337_1195000_400,24/02/2026,PNJ,-700.0,703300,84881740000.0
2026-02-24 11:03:40,119.4,2100,sell,2026-02-24_110340_1194000_2100,24/02/2026,PNJ,-800.0,705400,85132480000.0
2026-02-24 11:03:43,119.5,400,buy,2026-02-24_110343_1195000_400,24/02/2026,PNJ,-700.0,705800,85180280000.0
2026-02-24 11:03:58,119.3,200,sell,2026-02-24_110358_1193000_200,24/02/2026,PNJ,-900.0,706000,85204140000.0
2026-02-24 11:04:12,119.5,100,buy,2026-02-24_110412_1195000_100,24/02/2026,PNJ,-700.0,706100,85216090000.0
2026-02-24 11:04:25,119.4,100,buy,2026-02-24_110425_1194000_100,24/02/2026,PNJ,-800.0,706200,85228030000.0
2026-02-24 11:04:25,119.5,400,buy,2026-02-24_110425_1195000_400,24/02/2026,PNJ,-700.0,706600,85275830000.0
2026-02-24 11:04:29,119.5,400,buy,2026-02-24_110429_1195000_400,24/02/2026,PNJ,-700.0,707000,85323630000.0
2026-02-24 11:04:37,119.5,400,buy,2026-02-24_110437_1195000_400,24/02/2026,PNJ,-700.0,707400,85371430000.0
2026-02-24 11:04:43,119.4,500,buy,2026-02-24_110443_1194000_500,24/02/2026,PNJ,-800.0,707900,85431130000.0
2026-02-24 11:04:43,119.5,600,buy,2026-02-24_110443_1195000_600,24/02/2026,PNJ,-700.0,708500,85502830000.0
2026-02-24 11:05:16,119.3,2200,sell,2026-02-24_110516_1193000_2200,24/02/2026,PNJ,-900.0,710700,85765290000.0
2026-02-24 11:05:16,119.2,800,sell,2026-02-24_110516_1192000_800,24/02/2026,PNJ,-1000.0,711500,85860650000.0
2026-02-24 11:05:21,119.5,400,buy,2026-02-24_110521_1195000_400,24/02/2026,PNJ,-700.0,711900,85908450000.0
2026-02-24 11:05:31,119.5,400,buy,2026-02-24_110531_1195000_400,24/02/2026,PNJ,-700.0,712300,85956250000.0
2026-02-24 11:06:16,119.5,400,buy,2026-02-24_110616_1195000_400,24/02/2026,PNJ,-700.0,712700,86004050000.0
2026-02-24 11:06:24,119.5,400,buy,2026-02-24_110624_1195000_400,24/02/2026,PNJ,-700.0,713100,86051850000.0
2026-02-24 11:06:32,119.5,100,buy,2026-02-24_110632_1195000_100,24/02/2026,PNJ,-700.0,713200,86063800000.0
2026-02-24 11:06:36,119.5,100,buy,2026-02-24_110636_1195000_100,24/02/2026,PNJ,-700.0,713300,86075750000.0
2026-02-24 11:06:59,119.4,200,buy,2026-02-24_110659_1194000_200,24/02/2026,PNJ,-800.0,713500,86099630000.0
2026-02-24 11:07:01,119.5,500,buy,2026-02-24_110701_1195000_500,24/02/2026,PNJ,-700.0,714000,86159380000.0
2026-02-24 11:07:08,119.5,400,buy,2026-02-24_110708_1195000_400,24/02/2026,PNJ,-700.0,714400,86207180000.0
2026-02-24 11:07:17,119.5,400,buy,2026-02-24_110717_1195000_400,24/02/2026,PNJ,-700.0,714800,86254980000.0
2026-02-24 11:07:30,119.5,1200,buy,2026-02-24_110730_1195000_1200,24/02/2026,PNJ,-700.0,716100,86410330000.0
2026-02-24 11:07:30,119.5,100,buy,2026-02-24_110730_1195000_100,24/02/2026,PNJ,-700.0,714900,86266930000.0
2026-02-24 11:08:00,119.5,400,buy,2026-02-24_110800_1195000_400,24/02/2026,PNJ,-700.0,716500,86458130000.0
2026-02-24 11:08:08,119.5,400,buy,2026-02-24_110808_1195000_400,24/02/2026,PNJ,-700.0,716900,86505930000.0
2026-02-24 11:08:19,119.3,100,sell,2026-02-24_110819_1193000_100,24/02/2026,PNJ,-900.0,717000,86517860000.0
2026-02-24 11:08:27,119.2,200,sell,2026-02-24_110827_1192000_200,24/02/2026,PNJ,-1000.0,717200,86541700000.0
2026-02-24 11:08:55,119.3,400,buy,2026-02-24_110855_1193000_400,24/02/2026,PNJ,-900.0,717600,86589420000.0
2026-02-24 11:09:00,119.3,100,buy,2026-02-24_110900_1193000_100,24/02/2026,PNJ,-900.0,717700,86601350000.0
2026-02-24 11:09:00,119.3,400,buy,2026-02-24_110900_1193000_400,24/02/2026,PNJ,-900.0,718100,86649070000.0
2026-02-24 11:09:04,119.3,2000,buy,2026-02-24_110904_1193000_2000,24/02/2026,PNJ,-900.0,720100,86887670000.0
2026-02-24 11:09:10,119.3,100,buy,2026-02-24_110910_1193000_100,24/02/2026,PNJ,-900.0,720200,86899600000.0
2026-02-24 11:09:14,119.3,200,buy,2026-02-24_110914_1193000_200,24/02/2026,PNJ,-900.0,720400,86923460000.0
2026-02-24 11:09:19,119.3,200,buy,2026-02-24_110919_1193000_200,24/02/2026,PNJ,-900.0,720600,86947320000.0
2026-02-24 11:09:20,119.2,100,sell,2026-02-24_110920_1192000_100,24/02/2026,PNJ,-1000.0,720700,86959240000.0
2026-02-24 11:09:44,119.3,300,buy,2026-02-24_110944_1193000_300,24/02/2026,PNJ,-900.0,721000,86995030000.0
2026-02-24 11:09:48,119.3,400,buy,2026-02-24_110948_1193000_400,24/02/2026,PNJ,-900.0,721400,87042750000.0
2026-02-24 11:09:52,119.5,4900,buy,2026-02-24_110952_1195000_4900,24/02/2026,PNJ,-700.0,741800,89480210000.0
2026-02-24 11:09:52,119.3,1300,buy,2026-02-24_110952_1193000_1300,24/02/2026,PNJ,-900.0,723100,87245560000.0
2026-02-24 11:09:52,119.5,13800,buy,2026-02-24_110952_1195000_13800,24/02/2026,PNJ,-700.0,736900,88894660000.0
2026-02-24 11:09:52,119.3,400,buy,2026-02-24_110952_1193000_400,24/02/2026,PNJ,-900.0,721800,87090470000.0
2026-02-24 11:10:07,119.5,300,buy,2026-02-24_111007_1195000_300,24/02/2026,PNJ,-700.0,742100,89516060000.0
2026-02-24 11:10:17,119.5,1200,buy,2026-02-24_111017_1195000_1200,24/02/2026,PNJ,-700.0,743300,89659460000.0
2026-02-24 11:10:40,119.5,400,buy,2026-02-24_111040_1195000_400,24/02/2026,PNJ,-700.0,743700,89707260000.0
2026-02-24 11:10:47,119.5,400,buy,2026-02-24_111047_1195000_400,24/02/2026,PNJ,-700.0,744100,89755060000.0
2026-02-24 11:10:56,119.5,300,buy,2026-02-24_111056_1195000_300,24/02/2026,PNJ,-700.0,744400,89790910000.0
2026-02-24 11:10:58,119.5,2100,buy,2026-02-24_111058_1195000_2100,24/02/2026,PNJ,-700.0,746500,90041860000.0
2026-02-24 11:11:25,119.4,500,buy,2026-02-24_111125_1194000_500,24/02/2026,PNJ,-800.0,747000,90101560000.0
2026-02-24 11:11:25,119.5,1500,buy,2026-02-24_111125_1195000_1500,24/02/2026,PNJ,-700.0,748500,90280810000.0
2026-02-24 11:11:25,119.5,100,buy,2026-02-24_111125_1195000_100,24/02/2026,PNJ,-700.0,748600,90292760000.0
2026-02-24 11:11:31,119.5,400,buy,2026-02-24_111131_1195000_400,24/02/2026,PNJ,-700.0,749000,90340560000.0
2026-02-24 11:11:38,119.5,400,buy,2026-02-24_111138_1195000_400,24/02/2026,PNJ,-700.0,749400,90388360000.0
2026-02-24 11:12:11,119.5,500,buy,2026-02-24_111211_1195000_500,24/02/2026,PNJ,-700.0,749900,90448110000.0
2026-02-24 11:12:21,119.5,100,buy,2026-02-24_111221_1195000_100,24/02/2026,PNJ,-700.0,750000,90460060000.0
2026-02-24 11:12:22,119.5,400,buy,2026-02-24_111222_1195000_400,24/02/2026,PNJ,-700.0,750400,90507860000.0
2026-02-24 11:12:29,119.5,400,buy,2026-02-24_111229_1195000_400,24/02/2026,PNJ,-700.0,750800,90555660000.0
2026-02-24 11:13:04,119.5,1100,buy,2026-02-24_111304_1195000_1100,24/02/2026,PNJ,-700.0,751900,90687110000.0
2026-02-24 11:13:16,119.5,400,buy,2026-02-24_111316_1195000_400,24/02/2026,PNJ,-700.0,752300,90734910000.0
2026-02-24 11:13:20,119.5,400,buy,2026-02-24_111320_1195000_400,24/02/2026,PNJ,-700.0,752700,90782710000.0
2026-02-24 11:13:49,119.5,100,buy,2026-02-24_111349_1195000_100,24/02/2026,PNJ,-700.0,752800,90794660000.0
2026-02-24 11:14:09,119.5,400,buy,2026-02-24_111409_1195000_400,24/02/2026,PNJ,-700.0,753200,90842460000.0
2026-02-24 11:14:14,119.5,400,buy,2026-02-24_111414_1195000_400,24/02/2026,PNJ,-700.0,753600,90890260000.0
2026-02-24 11:14:31,119.5,100,buy,2026-02-24_111431_1195000_100,24/02/2026,PNJ,-700.0,753700,90902210000.0
2026-02-24 11:14:42,119.5,100,buy,2026-02-24_111442_1195000_100,24/02/2026,PNJ,-700.0,753800,90914160000.0
2026-02-24 11:14:45,119.5,500,buy,2026-02-24_111445_1195000_500,24/02/2026,PNJ,-700.0,754300,90973910000.0
2026-02-24 11:15:02,119.5,400,buy,2026-02-24_111502_1195000_400,24/02/2026,PNJ,-700.0,754700,91021710000.0
2026-02-24 11:15:05,119.5,400,buy,2026-02-24_111505_1195000_400,24/02/2026,PNJ,-700.0,755100,91069510000.0
2026-02-24 11:15:30,119.4,200,sell,2026-02-24_111530_1194000_200,24/02/2026,PNJ,-800.0,755300,91093390000.0
2026-02-24 11:15:54,119.5,300,buy,2026-02-24_111554_1195000_300,24/02/2026,PNJ,-700.0,755600,91129240000.0
2026-02-24 11:15:58,119.5,300,buy,2026-02-24_111558_1195000_300,24/02/2026,PNJ,-700.0,755900,91165090000.0
2026-02-24 11:16:13,119.5,100,buy,2026-02-24_111613_1195000_100,24/02/2026,PNJ,-700.0,756000,91177040000.0
2026-02-24 11:16:44,119.5,400,buy,2026-02-24_111644_1195000_400,24/02/2026,PNJ,-700.0,756400,91224840000.0
2026-02-24 11:16:48,119.5,400,buy,2026-02-24_111648_1195000_400,24/02/2026,PNJ,-700.0,756800,91272640000.0
2026-02-24 11:17:19,119.4,1200,sell,2026-02-24_111719_1194000_1200,24/02/2026,PNJ,-800.0,758000,91415920000.0
2026-02-24 11:17:21,119.5,500,buy,2026-02-24_111721_1195000_500,24/02/2026,PNJ,-700.0,758500,91475670000.0
2026-02-24 11:17:37,119.5,400,buy,2026-02-24_111737_1195000_400,24/02/2026,PNJ,-700.0,758900,91523470000.0
2026-02-24 11:17:41,119.5,400,buy,2026-02-24_111741_1195000_400,24/02/2026,PNJ,-700.0,759300,91571270000.0
2026-02-24 11:17:57,119.5,200,buy,2026-02-24_111757_1195000_200,24/02/2026,PNJ,-700.0,759500,91595170000.0
2026-02-24 11:18:21,119.3,1100,sell,2026-02-24_111821_1193000_1100,24/02/2026,PNJ,-900.0,760600,91726400000.0
2026-02-24 11:18:31,119.5,400,buy,2026-02-24_111831_1195000_400,24/02/2026,PNJ,-700.0,761000,91774200000.0
2026-02-24 11:18:34,119.5,300,buy,2026-02-24_111834_1195000_300,24/02/2026,PNJ,-700.0,761300,91810050000.0
2026-02-24 11:18:39,119.5,1100,buy,2026-02-24_111839_1195000_1100,24/02/2026,PNJ,-700.0,762500,91953450000.0
2026-02-24 11:18:39,119.5,100,buy,2026-02-24_111839_1195000_100,24/02/2026,PNJ,-700.0,761400,91822000000.0
2026-02-24 11:19:24,119.4,100,buy,2026-02-24_111924_1194000_100,24/02/2026,PNJ,-800.0,762600,91965390000.0
2026-02-24 11:20:17,119.5,400,buy,2026-02-24_112017_1195000_400,24/02/2026,PNJ,-700.0,763000,92013190000.0
2026-02-24 11:20:18,119.5,400,buy,2026-02-24_112018_1195000_400,24/02/2026,PNJ,-700.0,764100,92144640000.0
2026-02-24 11:20:18,119.5,700,buy,2026-02-24_112018_1195000_700,24/02/2026,PNJ,-700.0,763700,92096840000.0
2026-02-24 11:20:28,119.5,100,buy,2026-02-24_112028_1195000_100,24/02/2026,PNJ,-700.0,764200,92156590000.0
2026-02-24 11:20:42,119.5,800,buy,2026-02-24_112042_1195000_800,24/02/2026,PNJ,-700.0,765000,92252190000.0
2026-02-24 11:21:02,119.5,500,buy,2026-02-24_112102_1195000_500,24/02/2026,PNJ,-700.0,765500,92311940000.0
2026-02-24 11:21:03,119.5,400,buy,2026-02-24_112103_1195000_400,24/02/2026,PNJ,-700.0,765900,92359740000.0
2026-02-24 11:21:26,119.5,1100,buy,2026-02-24_112126_1195000_1100,24/02/2026,PNJ,-700.0,767000,92491190000.0
2026-02-24 11:21:53,119.4,700,sell,2026-02-24_112153_1194000_700,24/02/2026,PNJ,-800.0,767700,92574770000.0
2026-02-24 11:21:56,119.4,400,buy,2026-02-24_112156_1194000_400,24/02/2026,PNJ,-800.0,768500,92670290000.0
2026-02-24 11:22:31,119.4,500,buy,2026-02-24_112231_1194000_500,24/02/2026,PNJ,-800.0,769000,92729990000.0
2026-02-24 11:22:45,119.4,100,buy,2026-02-24_112245_1194000_100,24/02/2026,PNJ,-800.0,769100,92741930000.0
2026-02-24 11:22:48,119.4,400,buy,2026-02-24_112248_1194000_400,24/02/2026,PNJ,-800.0,769500,92789690000.0
2026-02-24 11:22:49,119.4,400,buy,2026-02-24_112249_1194000_400,24/02/2026,PNJ,-800.0,769900,92837450000.0
2026-02-24 11:22:57,119.2,6000,sell,2026-02-24_112257_1192000_6000,24/02/2026,PNJ,-1000.0,775900,93552650000.0
2026-02-24 11:23:23,119.2,2400,sell,2026-02-24_112323_1192000_2400,24/02/2026,PNJ,-1000.0,778300,93838730000.0
2026-02-24 11:23:41,119.4,800,buy,2026-02-24_112341_1194000_800,24/02/2026,PNJ,-800.0,779100,93934250000.0
2026-02-24 11:24:13,119.4,1100,buy,2026-02-24_112413_1194000_1100,24/02/2026,PNJ,-800.0,780200,94065590000.0
2026-02-24 11:24:34,119.4,400,buy,2026-02-24_112434_1194000_400,24/02/2026,PNJ,-800.0,780600,94113350000.0
2026-02-24 11:24:35,119.4,400,buy,2026-02-24_112435_1194000_400,24/02/2026,PNJ,-800.0,781000,94161110000.0
2026-02-24 11:25:06,119.4,500,buy,2026-02-24_112506_1194000_500,24/02/2026,PNJ,-800.0,781500,94220810000.0
2026-02-24 11:25:26,119.4,400,buy,2026-02-24_112526_1194000_400,24/02/2026,PNJ,-800.0,781900,94268570000.0
2026-02-24 11:25:27,119.4,400,buy,2026-02-24_112527_1194000_400,24/02/2026,PNJ,-800.0,782300,94316330000.0
2026-02-24 11:25:51,119.4,100,buy,2026-02-24_112551_1194000_100,24/02/2026,PNJ,-800.0,782400,94328270000.0
2026-02-24 11:26:11,119.4,300,buy,2026-02-24_112611_1194000_300,24/02/2026,PNJ,-800.0,782700,94364090000.0
2026-02-24 11:26:18,119.4,400,buy,2026-02-24_112618_1194000_400,24/02/2026,PNJ,-800.0,783100,94411850000.0
2026-02-24 11:26:19,119.4,400,buy,2026-02-24_112619_1194000_400,24/02/2026,PNJ,-800.0,783500,94459610000.0
2026-02-24 11:26:28,119.4,200,buy,2026-02-24_112628_1194000_200,24/02/2026,PNJ,-800.0,783700,94483490000.0
2026-02-24 11:26:52,119.4,100,buy,2026-02-24_112652_1194000_100,24/02/2026,PNJ,-800.0,783800,94495430000.0
2026-02-24 11:27:00,119.4,1200,buy,2026-02-24_112700_1194000_1200,24/02/2026,PNJ,-800.0,785000,94638710000.0
2026-02-24 11:27:12,119.4,400,buy,2026-02-24_112712_1194000_400,24/02/2026,PNJ,-800.0,785400,94686470000.0
2026-02-24 11:27:13,119.4,400,buy,2026-02-24_112713_1194000_400,24/02/2026,PNJ,-800.0,785800,94734230000.0
2026-02-24 11:27:41,119.4,500,buy,2026-02-24_112741_1194000_500,24/02/2026,PNJ,-800.0,786300,94793930000.0
2026-02-24 11:27:47,119.2,3500,sell,2026-02-24_112747_1192000_3500,24/02/2026,PNJ,-1000.0,790300,95270780000.0
2026-02-24 11:27:47,119.3,500,sell,2026-02-24_112747_1193000_500,24/02/2026,PNJ,-900.0,786800,94853580000.0
2026-02-24 11:28:06,119.4,400,buy,2026-02-24_112806_1194000_400,24/02/2026,PNJ,-800.0,790700,95318540000.0
2026-02-24 11:28:07,119.4,300,buy,2026-02-24_112807_1194000_300,24/02/2026,PNJ,-800.0,791000,95354360000.0
2026-02-24 11:28:17,119.4,300,buy,2026-02-24_112817_1194000_300,24/02/2026,PNJ,-800.0,791300,95390180000.0
2026-02-24 11:28:30,119.2,400,sell,2026-02-24_112830_1192000_400,24/02/2026,PNJ,-1000.0,791700,95437860000.0
2026-02-24 11:28:51,119.3,100,buy,2026-02-24_112851_1193000_100,24/02/2026,PNJ,-900.0,791800,95449790000.0
2026-02-24 11:28:54,119.3,100,buy,2026-02-24_112854_1193000_100,24/02/2026,PNJ,-900.0,791900,95461720000.0
2026-02-24 11:29:09,119.2,1800,sell,2026-02-24_112909_1192000_1800,24/02/2026,PNJ,-1000.0,793700,95676280000.0
2026-02-24 11:29:18,119.2,1000,sell,2026-02-24_112918_1192000_1000,24/02/2026,PNJ,-1000.0,794700,95795480000.0
2026-02-24 11:29:27,119.2,2100,sell,2026-02-24_112927_1192000_2100,24/02/2026,PNJ,-1000.0,796800,96045800000.0
2026-02-24 13:00:09,119.1,500,sell,2026-02-24_130009_1191000_500,24/02/2026,PNJ,-1100.0,799400,96355670000.0
2026-02-24 13:00:15,119.2,500,buy,2026-02-24_130015_1192000_500,24/02/2026,PNJ,-1000.0,799900,96415270000.0
2026-02-24 13:00:23,119.2,300,buy,2026-02-24_130023_1192000_300,24/02/2026,PNJ,-1000.0,800200,96451030000.0
2026-02-24 13:00:23,119.1,1500,sell,2026-02-24_130023_1191000_1500,24/02/2026,PNJ,-1100.0,801700,96629680000.0
2026-02-24 13:00:26,119.2,100,buy,2026-02-24_130026_1192000_100,24/02/2026,PNJ,-1000.0,801800,96641600000.0
2026-02-24 13:00:32,119.2,100,buy,2026-02-24_130032_1192000_100,24/02/2026,PNJ,-1000.0,801900,96653520000.0
2026-02-24 13:00:33,119.1,200,sell,2026-02-24_130033_1191000_200,24/02/2026,PNJ,-1100.0,802100,96677340000.0
2026-02-24 13:00:34,119.1,500,sell,2026-02-24_130034_1191000_500,24/02/2026,PNJ,-1100.0,802600,96736890000.0
2026-02-24 13:00:42,119.2,1000,buy,2026-02-24_130042_1192000_1000,24/02/2026,PNJ,-1000.0,803600,96856090000.0
2026-02-24 13:00:46,119.1,2500,sell,2026-02-24_130046_1191000_2500,24/02/2026,PNJ,-1100.0,806100,97153840000.0
2026-02-24 13:00:46,119.1,5800,sell,2026-02-24_130046_1191000_5800,24/02/2026,PNJ,-1100.0,811900,97844620000.0
2026-02-24 13:00:46,119.0,8200,sell,2026-02-24_130046_1190000_8200,24/02/2026,PNJ,-1200.0,820100,98820420000.0
2026-02-24 13:00:48,119.0,500,buy,2026-02-24_130048_1190000_500,24/02/2026,PNJ,-1200.0,820600,98879920000.0
2026-02-24 13:00:49,118.9,200,sell,2026-02-24_130049_1189000_200,24/02/2026,PNJ,-1300.0,820800,98903700000.0
2026-02-24 13:00:49,118.8,900,sell,2026-02-24_130049_1188000_900,24/02/2026,PNJ,-1400.0,821700,99010620000.0
2026-02-24 13:00:52,119.0,100,buy,2026-02-24_130052_1190000_100,24/02/2026,PNJ,-1200.0,821800,99022520000.0
2026-02-24 13:00:52,119.2,900,buy,2026-02-24_130052_1192000_900,24/02/2026,PNJ,-1000.0,823100,99177400000.0
2026-02-24 13:00:52,119.0,400,buy,2026-02-24_130052_1190000_400,24/02/2026,PNJ,-1200.0,822200,99070120000.0
2026-02-24 13:00:53,119.2,1000,sell,2026-02-24_130053_1192000_1000,24/02/2026,PNJ,-1000.0,824100,99296600000.0
2026-02-24 13:00:54,119.2,100,sell,2026-02-24_130054_1192000_100,24/02/2026,PNJ,-1000.0,824200,99308520000.0
2026-02-24 13:01:01,119.3,400,buy,2026-02-24_130101_1193000_400,24/02/2026,PNJ,-900.0,824600,99356240000.0
2026-02-24 13:01:02,119.3,400,buy,2026-02-24_130102_1193000_400,24/02/2026,PNJ,-900.0,825000,99403960000.0
2026-02-24 13:01:52,119.3,400,buy,2026-02-24_130152_1193000_400,24/02/2026,PNJ,-900.0,825400,99451680000.0
2026-02-24 13:01:53,119.3,300,buy,2026-02-24_130153_1193000_300,24/02/2026,PNJ,-900.0,825700,99487470000.0
2026-02-24 13:02:03,119.2,100,sell,2026-02-24_130203_1192000_100,24/02/2026,PNJ,-1000.0,825800,99499390000.0
2026-02-24 13:02:38,119.3,1900,buy,2026-02-24_130238_1193000_1900,24/02/2026,PNJ,-900.0,827700,99726060000.0
2026-02-24 13:02:45,119.3,400,buy,2026-02-24_130245_1193000_400,24/02/2026,PNJ,-900.0,828500,99821500000.0
2026-02-24 13:02:50,119.3,700,buy,2026-02-24_130250_1193000_700,24/02/2026,PNJ,-900.0,829200,99905010000.0
2026-02-24 13:02:54,119.3,300,buy,2026-02-24_130254_1193000_300,24/02/2026,PNJ,-900.0,829500,99940800000.0
2026-02-24 13:03:05,119.3,100,buy,2026-02-24_130305_1193000_100,24/02/2026,PNJ,-900.0,829600,99952730000.0
2026-02-24 13:03:18,119.3,10000,buy,2026-02-24_130318_1193000_10000,24/02/2026,PNJ,-900.0,839600,101145730000.0
2026-02-24 13:03:27,119.2,100,sell,2026-02-24_130327_1192000_100,24/02/2026,PNJ,-1000.0,839700,101157650000.0
2026-02-24 13:03:37,119.3,400,buy,2026-02-24_130337_1193000_400,24/02/2026,PNJ,-900.0,840100,101205370000.0
2026-02-24 13:03:40,119.3,400,buy,2026-02-24_130340_1193000_400,24/02/2026,PNJ,-900.0,840500,101253090000.0
2026-02-24 13:03:41,119.2,100,sell,2026-02-24_130341_1192000_100,24/02/2026,PNJ,-1000.0,840600,101265010000.0
2026-02-24 13:04:12,119.2,1400,sell,2026-02-24_130412_1192000_1400,24/02/2026,PNJ,-1000.0,842000,101431890000.0
2026-02-24 13:04:13,119.2,400,sell,2026-02-24_130413_1192000_400,24/02/2026,PNJ,-1000.0,842400,101479570000.0
2026-02-24 13:04:32,119.3,400,buy,2026-02-24_130432_1193000_400,24/02/2026,PNJ,-900.0,842800,101527290000.0
2026-02-24 13:04:33,119.3,400,buy,2026-02-24_130433_1193000_400,24/02/2026,PNJ,-900.0,843200,101575010000.0
2026-02-24 13:05:04,119.3,200,buy,2026-02-24_130504_1193000_200,24/02/2026,PNJ,-900.0,843400,101598870000.0
2026-02-24 13:05:08,119.3,1000,buy,2026-02-24_130508_1193000_1000,24/02/2026,PNJ,-900.0,844400,101718170000.0
2026-02-24 13:05:25,119.3,500,buy,2026-02-24_130525_1193000_500,24/02/2026,PNJ,-900.0,844900,101777820000.0
2026-02-24 13:05:25,119.3,400,buy,2026-02-24_130525_1193000_400,24/02/2026,PNJ,-900.0,845300,101825540000.0
2026-02-24 13:05:27,119.3,400,buy,2026-02-24_130527_1193000_400,24/02/2026,PNJ,-900.0,845700,101873260000.0
2026-02-24 13:05:28,119.2,1800,sell,2026-02-24_130528_1192000_1800,24/02/2026,PNJ,-1000.0,847500,102087820000.0
2026-02-24 13:05:31,119.2,700,sell,2026-02-24_130531_1192000_700,24/02/2026,PNJ,-1000.0,848200,102171260000.0
2026-02-24 13:05:50,119.2,800,sell,2026-02-24_130550_1192000_800,24/02/2026,PNJ,-1000.0,849000,102266620000.0
2026-02-24 13:06:11,119.2,1000,sell,2026-02-24_130611_1192000_1000,24/02/2026,PNJ,-1000.0,850000,102385820000.0
2026-02-24 13:06:20,119.3,400,buy,2026-02-24_130620_1193000_400,24/02/2026,PNJ,-900.0,850400,102433540000.0
2026-02-24 13:06:21,119.3,400,buy,2026-02-24_130621_1193000_400,24/02/2026,PNJ,-900.0,850800,102481260000.0
2026-02-24 13:06:48,119.3,200,buy,2026-02-24_130648_1193000_200,24/02/2026,PNJ,-900.0,851000,102505120000.0
2026-02-24 13:07:13,119.3,400,buy,2026-02-24_130713_1193000_400,24/02/2026,PNJ,-900.0,851400,102552840000.0
2026-02-24 13:07:15,119.3,400,buy,2026-02-24_130715_1193000_400,24/02/2026,PNJ,-900.0,851800,102600560000.0
2026-02-24 13:07:54,119.3,100,buy,2026-02-24_130754_1193000_100,24/02/2026,PNJ,-900.0,851900,102612490000.0
2026-02-24 13:08:00,119.3,500,buy,2026-02-24_130800_1193000_500,24/02/2026,PNJ,-900.0,852400,102672140000.0
2026-02-24 13:08:03,119.3,5000,buy,2026-02-24_130803_1193000_5000,24/02/2026,PNJ,-900.0,857400,103268640000.0
2026-02-24 13:08:05,119.3,400,buy,2026-02-24_130805_1193000_400,24/02/2026,PNJ,-900.0,857800,103316360000.0
2026-02-24 13:08:07,119.3,5000,buy,2026-02-24_130807_1193000_5000,24/02/2026,PNJ,-900.0,862800,103912860000.0
2026-02-24 13:08:08,119.3,300,buy,2026-02-24_130808_1193000_300,24/02/2026,PNJ,-900.0,863100,103948650000.0
2026-02-24 13:08:57,119.2,200,sell,2026-02-24_130857_1192000_200,24/02/2026,PNJ,-1000.0,863300,103972490000.0
2026-02-24 13:08:59,119.3,400,buy,2026-02-24_130859_1193000_400,24/02/2026,PNJ,-900.0,864100,104067930000.0
2026-02-24 13:09:03,119.3,5000,buy,2026-02-24_130903_1193000_5000,24/02/2026,PNJ,-900.0,869100,104664430000.0
2026-02-24 13:09:05,119.3,5000,buy,2026-02-24_130905_1193000_5000,24/02/2026,PNJ,-900.0,874100,105260930000.0
2026-02-24 13:09:10,119.3,200,buy,2026-02-24_130910_1193000_200,24/02/2026,PNJ,-900.0,874300,105284790000.0
2026-02-24 13:09:17,119.3,100,buy,2026-02-24_130917_1193000_100,24/02/2026,PNJ,-900.0,874400,105296720000.0
2026-02-24 13:09:18,119.3,200,buy,2026-02-24_130918_1193000_200,24/02/2026,PNJ,-900.0,874600,105320580000.0
2026-02-24 13:09:22,119.3,400,buy,2026-02-24_130922_1193000_400,24/02/2026,PNJ,-900.0,875000,105368300000.0
2026-02-24 13:09:49,119.3,200,sell,2026-02-24_130949_1193000_200,24/02/2026,PNJ,-900.0,875200,105392160000.0
2026-02-24 13:09:52,119.4,300,buy,2026-02-24_130952_1194000_300,24/02/2026,PNJ,-800.0,875900,105475740000.0
2026-02-24 13:09:52,119.4,400,buy,2026-02-24_130952_1194000_400,24/02/2026,PNJ,-800.0,875600,105439920000.0
2026-02-24 13:10:11,119.3,100,sell,2026-02-24_131011_1193000_100,24/02/2026,PNJ,-900.0,876000,105487670000.0
2026-02-24 13:10:17,119.4,3000,buy,2026-02-24_131017_1194000_3000,24/02/2026,PNJ,-800.0,879000,105845870000.0
2026-02-24 13:10:19,119.4,100,buy,2026-02-24_131019_1194000_100,24/02/2026,PNJ,-800.0,879100,105857810000.0
2026-02-24 13:10:25,119.4,1700,buy,2026-02-24_131025_1194000_1700,24/02/2026,PNJ,-800.0,880800,106060790000.0
2026-02-24 13:10:35,119.4,500,buy,2026-02-24_131035_1194000_500,24/02/2026,PNJ,-800.0,881300,106120490000.0
2026-02-24 13:10:43,119.4,400,buy,2026-02-24_131043_1194000_400,24/02/2026,PNJ,-800.0,881700,106168250000.0
2026-02-24 13:10:46,119.4,400,buy,2026-02-24_131046_1194000_400,24/02/2026,PNJ,-800.0,882100,106216010000.0
2026-02-24 13:10:55,119.4,500,buy,2026-02-24_131055_1194000_500,24/02/2026,PNJ,-800.0,882600,106275710000.0
2026-02-24 13:10:56,119.4,5000,buy,2026-02-24_131056_1194000_5000,24/02/2026,PNJ,-800.0,887600,106872710000.0
2026-02-24 13:10:58,119.4,5000,buy,2026-02-24_131058_1194000_5000,24/02/2026,PNJ,-800.0,892600,107469710000.0
2026-02-24 13:10:59,119.4,700,buy,2026-02-24_131059_1194000_700,24/02/2026,PNJ,-800.0,893300,107553290000.0
2026-02-24 13:11:03,119.4,3800,buy,2026-02-24_131103_1194000_3800,24/02/2026,PNJ,-800.0,897100,108007010000.0
2026-02-24 13:11:07,119.4,1000,sell,2026-02-24_131107_1194000_1000,24/02/2026,PNJ,-800.0,898100,108126410000.0
2026-02-24 13:11:19,119.5,16000,buy,2026-02-24_131119_1195000_16000,24/02/2026,PNJ,-700.0,914100,110038410000.0
2026-02-24 13:11:29,119.4,200,sell,2026-02-24_131129_1194000_200,24/02/2026,PNJ,-800.0,914300,110062290000.0
2026-02-24 13:11:33,119.5,100,buy,2026-02-24_131133_1195000_100,24/02/2026,PNJ,-700.0,914700,110110060000.0
2026-02-24 13:11:33,119.4,300,buy,2026-02-24_131133_1194000_300,24/02/2026,PNJ,-800.0,914600,110098110000.0
2026-02-24 13:11:38,119.5,400,buy,2026-02-24_131138_1195000_400,24/02/2026,PNJ,-700.0,915100,110157860000.0
2026-02-24 13:11:39,119.4,400,buy,2026-02-24_131139_1194000_400,24/02/2026,PNJ,-800.0,915500,110205620000.0
2026-02-24 13:11:42,119.4,100,buy,2026-02-24_131142_1194000_100,24/02/2026,PNJ,-800.0,915600,110217560000.0
2026-02-24 13:12:00,119.4,300,buy,2026-02-24_131200_1194000_300,24/02/2026,PNJ,-800.0,916000,110265320000.0
2026-02-24 13:12:32,119.4,300,buy,2026-02-24_131232_1194000_300,24/02/2026,PNJ,-800.0,916300,110301140000.0
2026-02-24 13:12:34,119.4,300,buy,2026-02-24_131234_1194000_300,24/02/2026,PNJ,-800.0,916600,110336960000.0
2026-02-24 13:12:35,119.4,5700,buy,2026-02-24_131235_1194000_5700,24/02/2026,PNJ,-800.0,922300,111017540000.0
2026-02-24 13:12:43,119.5,400,buy,2026-02-24_131243_1195000_400,24/02/2026,PNJ,-700.0,922700,111065340000.0
2026-02-24 13:12:48,119.5,5200,buy,2026-02-24_131248_1195000_5200,24/02/2026,PNJ,-700.0,927900,111686740000.0
2026-02-24 13:13:10,119.5,500,buy,2026-02-24_131310_1195000_500,24/02/2026,PNJ,-700.0,928400,111746490000.0
2026-02-24 13:13:11,119.5,200,buy,2026-02-24_131311_1195000_200,24/02/2026,PNJ,-700.0,928600,111770390000.0
2026-02-24 13:13:22,119.5,400,buy,2026-02-24_131322_1195000_400,24/02/2026,PNJ,-700.0,929000,111818190000.0
2026-02-24 13:13:25,119.5,400,buy,2026-02-24_131325_1195000_400,24/02/2026,PNJ,-700.0,929400,111865990000.0
2026-02-24 13:13:36,119.5,700,buy,2026-02-24_131336_1195000_700,24/02/2026,PNJ,-700.0,930100,111949640000.0
2026-02-24 13:14:07,119.5,200,buy,2026-02-24_131407_1195000_200,24/02/2026,PNJ,-700.0,930300,111973540000.0
2026-02-24 13:14:10,119.4,1800,sell,2026-02-24_131410_1194000_1800,24/02/2026,PNJ,-800.0,932100,112188460000.0
2026-02-24 13:14:17,119.5,400,buy,2026-02-24_131417_1195000_400,24/02/2026,PNJ,-700.0,932500,112236260000.0
2026-02-24 13:14:20,119.5,300,buy,2026-02-24_131420_1195000_300,24/02/2026,PNJ,-700.0,932800,112272110000.0
2026-02-24 13:14:20,119.5,700,buy,2026-02-24_131420_1195000_700,24/02/2026,PNJ,-700.0,933500,112355760000.0
2026-02-24 13:14:23,119.5,2000,buy,2026-02-24_131423_1195000_2000,24/02/2026,PNJ,-700.0,935500,112594760000.0
2026-02-24 13:14:23,119.5,4900,buy,2026-02-24_131423_1195000_4900,24/02/2026,PNJ,-700.0,940400,113180310000.0
2026-02-24 13:15:10,119.6,300,buy,2026-02-24_131510_1196000_300,24/02/2026,PNJ,-600.0,940700,113216190000.0
2026-02-24 13:15:11,119.6,300,buy,2026-02-24_131511_1196000_300,24/02/2026,PNJ,-600.0,941000,113252070000.0
2026-02-24 13:15:45,119.6,500,buy,2026-02-24_131545_1196000_500,24/02/2026,PNJ,-600.0,941500,113311870000.0
2026-02-24 13:16:00,119.6,300,buy,2026-02-24_131600_1196000_300,24/02/2026,PNJ,-600.0,941800,113347750000.0
2026-02-24 13:16:02,119.6,300,buy,2026-02-24_131602_1196000_300,24/02/2026,PNJ,-600.0,942100,113383630000.0
2026-02-24 13:16:19,119.6,200,buy,2026-02-24_131619_1196000_200,24/02/2026,PNJ,-600.0,942300,113407550000.0
2026-02-24 13:16:51,119.6,300,buy,2026-02-24_131651_1196000_300,24/02/2026,PNJ,-600.0,942600,113443430000.0
2026-02-24 13:16:52,119.6,300,buy,2026-02-24_131652_1196000_300,24/02/2026,PNJ,-600.0,942900,113479310000.0
2026-02-24 13:17:09,119.6,500,buy,2026-02-24_131709_1196000_500,24/02/2026,PNJ,-600.0,943400,113539110000.0
2026-02-24 13:17:18,119.5,200,sell,2026-02-24_131718_1195000_200,24/02/2026,PNJ,-700.0,943600,113563010000.0
2026-02-24 13:17:42,119.6,400,buy,2026-02-24_131742_1196000_400,24/02/2026,PNJ,-600.0,944000,113610850000.0
2026-02-24 13:17:44,119.6,400,buy,2026-02-24_131744_1196000_400,24/02/2026,PNJ,-600.0,944400,113658690000.0
2026-02-24 13:18:05,119.6,700,buy,2026-02-24_131805_1196000_700,24/02/2026,PNJ,-600.0,945100,113742410000.0
2026-02-24 13:18:14,119.6,900,buy,2026-02-24_131814_1196000_900,24/02/2026,PNJ,-600.0,946000,113850050000.0
2026-02-24 13:18:20,119.6,600,buy,2026-02-24_131820_1196000_600,24/02/2026,PNJ,-600.0,946600,113921810000.0
2026-02-24 13:18:34,119.6,400,buy,2026-02-24_131834_1196000_400,24/02/2026,PNJ,-600.0,947000,113969650000.0
2026-02-24 13:18:38,119.6,300,buy,2026-02-24_131838_1196000_300,24/02/2026,PNJ,-600.0,947300,114005530000.0
2026-02-24 13:18:42,119.6,100,buy,2026-02-24_131842_1196000_100,24/02/2026,PNJ,-600.0,947400,114017490000.0
2026-02-24 13:18:45,119.5,100,sell,2026-02-24_131845_1195000_100,24/02/2026,PNJ,-700.0,947500,114029440000.0
2026-02-24 13:18:56,119.5,900,sell,2026-02-24_131856_1195000_900,24/02/2026,PNJ,-700.0,948400,114136990000.0
2026-02-24 13:18:56,119.5,800,sell,2026-02-24_131856_1195000_800,24/02/2026,PNJ,-700.0,949200,114232590000.0
2026-02-24 13:19:14,119.5,1300,sell,2026-02-24_131914_1195000_1300,24/02/2026,PNJ,-700.0,950500,114387940000.0
2026-02-24 13:19:25,119.5,2000,sell,2026-02-24_131925_1195000_2000,24/02/2026,PNJ,-700.0,952500,114626940000.0
2026-02-24 13:19:27,119.6,400,buy,2026-02-24_131927_1196000_400,24/02/2026,PNJ,-600.0,952900,114674780000.0
2026-02-24 13:19:28,119.6,400,buy,2026-02-24_131928_1196000_400,24/02/2026,PNJ,-600.0,953300,114722620000.0
2026-02-24 13:19:58,119.6,100,buy,2026-02-24_131958_1196000_100,24/02/2026,PNJ,-600.0,953400,114734580000.0
2026-02-24 13:20:20,119.6,400,buy,2026-02-24_132020_1196000_400,24/02/2026,PNJ,-600.0,953800,114782420000.0
2026-02-24 13:20:21,119.6,300,buy,2026-02-24_132021_1196000_300,24/02/2026,PNJ,-600.0,954100,114818300000.0
2026-02-24 13:20:46,119.5,100,sell,2026-02-24_132046_1195000_100,24/02/2026,PNJ,-700.0,954200,114830250000.0
2026-02-24 13:21:04,119.5,1000,sell,2026-02-24_132104_1195000_1000,24/02/2026,PNJ,-700.0,955200,114949750000.0
2026-02-24 13:21:11,119.6,300,buy,2026-02-24_132111_1196000_300,24/02/2026,PNJ,-600.0,955500,114985630000.0
2026-02-24 13:21:15,119.6,400,buy,2026-02-24_132115_1196000_400,24/02/2026,PNJ,-600.0,955900,115033470000.0
2026-02-24 13:22:02,119.6,400,buy,2026-02-24_132202_1196000_400,24/02/2026,PNJ,-600.0,956300,115081310000.0
2026-02-24 13:22:06,119.5,1900,sell,2026-02-24_132206_1195000_1900,24/02/2026,PNJ,-700.0,958200,115308360000.0
2026-02-24 13:22:10,119.6,400,buy,2026-02-24_132210_1196000_400,24/02/2026,PNJ,-600.0,958600,115356200000.0
2026-02-24 13:22:11,119.6,400,buy,2026-02-24_132211_1196000_400,24/02/2026,PNJ,-600.0,959000,115404040000.0
2026-02-24 13:22:21,119.6,100,buy,2026-02-24_132221_1196000_100,24/02/2026,PNJ,-600.0,959100,115416000000.0
2026-02-24 13:22:53,119.5,1500,sell,2026-02-24_132253_1195000_1500,24/02/2026,PNJ,-700.0,960600,115595250000.0
2026-02-24 13:22:55,119.5,300,buy,2026-02-24_132255_1195000_300,24/02/2026,PNJ,-700.0,960900,115631100000.0
2026-02-24 13:23:03,119.6,300,buy,2026-02-24_132303_1196000_300,24/02/2026,PNJ,-600.0,961200,115666980000.0
2026-02-24 13:23:12,119.6,2000,buy,2026-02-24_132312_1196000_2000,24/02/2026,PNJ,-600.0,963200,115906180000.0
2026-02-24 13:23:30,119.6,500,buy,2026-02-24_132330_1196000_500,24/02/2026,PNJ,-600.0,963700,115965980000.0
2026-02-24 13:23:34,119.6,5000,buy,2026-02-24_132334_1196000_5000,24/02/2026,PNJ,-600.0,968700,116563980000.0
2026-02-24 13:23:45,119.6,400,buy,2026-02-24_132345_1196000_400,24/02/2026,PNJ,-600.0,969100,116611820000.0
2026-02-24 13:23:55,119.6,300,buy,2026-02-24_132355_1196000_300,24/02/2026,PNJ,-600.0,969400,116647700000.0
2026-02-24 13:23:59,119.6,5000,buy,2026-02-24_132359_1196000_5000,24/02/2026,PNJ,-600.0,974400,117245700000.0
2026-02-24 13:24:39,119.5,300,buy,2026-02-24_132439_1195000_300,24/02/2026,PNJ,-700.0,974700,117281550000.0
2026-02-24 13:24:45,119.5,200,buy,2026-02-24_132445_1195000_200,24/02/2026,PNJ,-700.0,974900,117305450000.0
2026-02-24 13:25:06,119.6,5000,buy,2026-02-24_132506_1196000_5000,24/02/2026,PNJ,-600.0,979900,117903450000.0
2026-02-24 13:25:26,119.6,3100,buy,2026-02-24_132526_1196000_3100,24/02/2026,PNJ,-600.0,983000,118274210000.0
2026-02-24 13:25:30,119.6,400,buy,2026-02-24_132530_1196000_400,24/02/2026,PNJ,-600.0,983400,118322050000.0
2026-02-24 13:25:36,119.6,100,buy,2026-02-24_132536_1196000_100,24/02/2026,PNJ,-600.0,983500,118334010000.0
2026-02-24 13:25:37,119.6,300,buy,2026-02-24_132537_1196000_300,24/02/2026,PNJ,-600.0,983800,118369890000.0
2026-02-24 13:25:55,119.6,5000,buy,2026-02-24_132555_1196000_5000,24/02/2026,PNJ,-600.0,988800,118967890000.0
2026-02-24 13:26:04,119.6,500,buy,2026-02-24_132604_1196000_500,24/02/2026,PNJ,-600.0,989300,119027690000.0
2026-02-24 13:26:05,119.6,100,buy,2026-02-24_132605_1196000_100,24/02/2026,PNJ,-600.0,989900,119099450000.0
2026-02-24 13:26:05,119.6,500,buy,2026-02-24_132605_1196000_500,24/02/2026,PNJ,-600.0,989800,119087490000.0
2026-02-24 13:26:14,119.6,200,buy,2026-02-24_132614_1196000_200,24/02/2026,PNJ,-600.0,990100,119123370000.0
2026-02-24 13:26:21,119.6,300,buy,2026-02-24_132621_1196000_300,24/02/2026,PNJ,-600.0,990400,119159250000.0
2026-02-24 13:26:25,119.6,300,buy,2026-02-24_132625_1196000_300,24/02/2026,PNJ,-600.0,990700,119195130000.0
2026-02-24 13:26:42,119.6,5000,buy,2026-02-24_132642_1196000_5000,24/02/2026,PNJ,-600.0,995700,119793130000.0
2026-02-24 13:27:09,119.5,800,sell,2026-02-24_132709_1195000_800,24/02/2026,PNJ,-700.0,996500,119888730000.0
2026-02-24 13:27:12,119.6,300,buy,2026-02-24_132712_1196000_300,24/02/2026,PNJ,-600.0,996800,119924610000.0
2026-02-24 13:27:15,119.6,400,buy,2026-02-24_132715_1196000_400,24/02/2026,PNJ,-600.0,997200,119972450000.0
2026-02-24 13:28:03,119.6,400,buy,2026-02-24_132803_1196000_400,24/02/2026,PNJ,-600.0,997600,120020290000.0
2026-02-24 13:28:07,119.6,400,buy,2026-02-24_132807_1196000_400,24/02/2026,PNJ,-600.0,998000,120068130000.0
2026-02-24 13:28:26,119.6,100,buy,2026-02-24_132826_1196000_100,24/02/2026,PNJ,-600.0,998100,120080090000.0
2026-02-24 13:28:32,119.6,1000,buy,2026-02-24_132832_1196000_1000,24/02/2026,PNJ,-600.0,999100,120199690000.0
2026-02-24 13:28:38,119.6,500,buy,2026-02-24_132838_1196000_500,24/02/2026,PNJ,-600.0,999600,120259490000.0
2026-02-24 13:28:53,119.6,1000,buy,2026-02-24_132853_1196000_1000,24/02/2026,PNJ,-600.0,1000600,120379090000.0
2026-02-24 13:28:55,119.6,400,buy,2026-02-24_132855_1196000_400,24/02/2026,PNJ,-600.0,1001000,120426930000.0
2026-02-24 13:29:00,119.6,400,buy,2026-02-24_132900_1196000_400,24/02/2026,PNJ,-600.0,1001400,120474770000.0
2026-02-24 13:29:11,119.6,100,buy,2026-02-24_132911_1196000_100,24/02/2026,PNJ,-600.0,1001500,120486730000.0
2026-02-24 13:29:29,119.5,1800,sell,2026-02-24_132929_1195000_1800,24/02/2026,PNJ,-700.0,1003300,120701830000.0
2026-02-24 13:29:30,119.6,500,buy,2026-02-24_132930_1196000_500,24/02/2026,PNJ,-600.0,1003800,120761630000.0
2026-02-24 13:29:35,119.6,100,buy,2026-02-24_132935_1196000_100,24/02/2026,PNJ,-600.0,1003900,120773590000.0
2026-02-24 13:29:49,119.6,400,buy,2026-02-24_132949_1196000_400,24/02/2026,PNJ,-600.0,1004300,120821430000.0
2026-02-24 13:29:51,119.5,300,sell,2026-02-24_132951_1195000_300,24/02/2026,PNJ,-700.0,1004600,120857280000.0
2026-02-24 13:29:54,119.6,300,buy,2026-02-24_132954_1196000_300,24/02/2026,PNJ,-600.0,1004900,120893160000.0
2026-02-24 13:29:58,119.6,100,buy,2026-02-24_132958_1196000_100,24/02/2026,PNJ,-600.0,1005000,120905120000.0
2026-02-24 13:30:31,119.6,100,buy,2026-02-24_133031_1196000_100,24/02/2026,PNJ,-600.0,1005100,120917080000.0
2026-02-24 13:30:41,119.5,200,sell,2026-02-24_133041_1195000_200,24/02/2026,PNJ,-700.0,1005300,120940980000.0
2026-02-24 13:30:41,119.6,400,buy,2026-02-24_133041_1196000_400,24/02/2026,PNJ,-600.0,1005700,120988820000.0
2026-02-24 13:30:44,119.6,400,buy,2026-02-24_133044_1196000_400,24/02/2026,PNJ,-600.0,1006100,121036660000.0
2026-02-24 13:30:45,119.6,500,buy,2026-02-24_133045_1196000_500,24/02/2026,PNJ,-600.0,1006600,121096460000.0
2026-02-24 13:30:52,119.5,200,sell,2026-02-24_133052_1195000_200,24/02/2026,PNJ,-700.0,1006800,121120360000.0
2026-02-24 13:30:58,119.5,200,sell,2026-02-24_133058_1195000_200,24/02/2026,PNJ,-700.0,1007000,121144260000.0
2026-02-24 13:31:14,119.5,500,buy,2026-02-24_133114_1195000_500,24/02/2026,PNJ,-700.0,1007500,121204010000.0
