time,price,volume,match_type,id,trading_date,symbol,price_change,accumulated_volume,accumulated_value
2026-02-13 09:15:05,48.35,1400,ato,2026-02-13_091505_483500_1400,13/02/2026,VGC,0.0,1400,67690000.0
2026-02-13 09:15:08,48.35,300,sell,2026-02-13_091508_483500_300,13/02/2026,VGC,0.0,1700,82195000.0
2026-02-13 09:15:55,48.5,200,sell,2026-02-13_091555_485000_200,13/02/2026,VGC,150.0,1900,91895000.0
2026-02-13 09:16:25,48.45,1000,sell,2026-02-13_091625_484500_1000,13/02/2026,VGC,100.0,2900,140345000.0
2026-02-13 09:17:22,48.45,200,buy,2026-02-13_091722_484500_200,13/02/2026,VGC,100.0,3100,150035000.0
2026-02-13 09:17:39,48.65,1300,buy,2026-02-13_091739_486500_1300,13/02/2026,VGC,300.0,4400,213280000.0
2026-02-13 09:17:52,48.65,2200,sell,2026-02-13_091752_486500_2200,13/02/2026,VGC,300.0,6600,320310000.0
2026-02-13 09:18:07,48.65,100,sell,2026-02-13_091807_486500_100,13/02/2026,VGC,300.0,6700,325175000.0
2026-02-13 09:18:17,48.65,1900,buy,2026-02-13_091817_486500_1900,13/02/2026,VGC,300.0,8600,417610000.0
2026-02-13 09:18:22,48.65,100,sell,2026-02-13_091822_486500_100,13/02/2026,VGC,300.0,8700,422475000.0
2026-02-13 09:18:33,48.65,3000,buy,2026-02-13_091833_486500_3000,13/02/2026,VGC,300.0,11700,568425000.0
2026-02-13 09:18:44,48.65,1000,buy,2026-02-13_091844_486500_1000,13/02/2026,VGC,300.0,12700,617075000.0
2026-02-13 09:18:49,48.65,2000,buy,2026-02-13_091849_486500_2000,13/02/2026,VGC,300.0,14700,714375000.0
2026-02-13 09:19:16,48.55,100,sell,2026-02-13_091916_485500_100,13/02/2026,VGC,200.0,14800,719230000.0
2026-02-13 09:19:34,48.6,200,sell,2026-02-13_091934_486000_200,13/02/2026,VGC,250.0,15000,728950000.0
2026-02-13 09:19:38,48.6,100,buy,2026-02-13_091938_486000_100,13/02/2026,VGC,250.0,15100,733810000.0
2026-02-13 09:19:47,48.7,500,buy,2026-02-13_091947_487000_500,13/02/2026,VGC,350.0,15600,758160000.0
2026-02-13 09:19:55,48.7,400,buy,2026-02-13_091955_487000_400,13/02/2026,VGC,350.0,16000,777640000.0
2026-02-13 09:20:05,48.7,2600,sell,2026-02-13_092005_487000_2600,13/02/2026,VGC,350.0,18600,904260000.0
2026-02-13 09:20:45,48.8,5000,buy,2026-02-13_092045_488000_5000,13/02/2026,VGC,450.0,23600,1148260000.0
2026-02-13 09:21:06,48.9,300,buy,2026-02-13_092106_489000_300,13/02/2026,VGC,550.0,24200,1177585000.0
2026-02-13 09:21:06,48.85,300,buy,2026-02-13_092106_488500_300,13/02/2026,VGC,500.0,23900,1162915000.0
2026-02-13 09:21:06,49.0,400,buy,2026-02-13_092106_490000_400,13/02/2026,VGC,650.0,24600,1197185000.0
2026-02-13 09:21:12,49.0,5000,buy,2026-02-13_092112_490000_5000,13/02/2026,VGC,650.0,29600,1442185000.0
2026-02-13 09:21:26,48.95,2000,buy,2026-02-13_092126_489500_2000,13/02/2026,VGC,600.0,31600,1540085000.0
2026-02-13 09:21:27,48.95,2000,sell,2026-02-13_092127_489500_2000,13/02/2026,VGC,600.0,33600,1637985000.0
2026-02-13 09:21:29,49.0,1500,buy,2026-02-13_092129_490000_1500,13/02/2026,VGC,650.0,35100,1711485000.0
2026-02-13 09:21:31,49.0,1400,sell,2026-02-13_092131_490000_1400,13/02/2026,VGC,650.0,36500,1780085000.0
2026-02-13 09:22:19,48.9,2000,buy,2026-02-13_092219_489000_2000,13/02/2026,VGC,550.0,38500,1877885000.0
2026-02-13 09:22:44,48.95,400,buy,2026-02-13_092244_489500_400,13/02/2026,VGC,600.0,38900,1897465000.0
2026-02-13 09:22:48,48.95,900,sell,2026-02-13_092248_489500_900,13/02/2026,VGC,600.0,40900,1995365000.0
2026-02-13 09:22:48,48.95,1100,buy,2026-02-13_092248_489500_1100,13/02/2026,VGC,600.0,40000,1951310000.0
2026-02-13 09:22:49,48.8,100,sell,2026-02-13_092249_488000_100,13/02/2026,VGC,450.0,41000,2000245000.0
2026-02-13 09:22:51,48.95,100,buy,2026-02-13_092251_489500_100,13/02/2026,VGC,600.0,41100,2005140000.0
2026-02-13 09:22:53,48.95,100,buy,2026-02-13_092253_489500_100,13/02/2026,VGC,600.0,41200,2010035000.0
2026-02-13 09:23:03,48.7,300,sell,2026-02-13_092303_487000_300,13/02/2026,VGC,350.0,41500,2024645000.0
2026-02-13 09:23:03,48.65,3700,sell,2026-02-13_092303_486500_3700,13/02/2026,VGC,300.0,45200,2204650000.0
2026-02-13 09:23:05,48.8,1800,buy,2026-02-13_092305_488000_1800,13/02/2026,VGC,450.0,47000,2292490000.0
2026-02-13 09:23:05,48.85,200,buy,2026-02-13_092305_488500_200,13/02/2026,VGC,500.0,47200,2302260000.0
2026-02-13 09:23:19,48.8,300,buy,2026-02-13_092319_488000_300,13/02/2026,VGC,450.0,47500,2316900000.0
2026-02-13 09:23:27,48.65,300,sell,2026-02-13_092327_486500_300,13/02/2026,VGC,300.0,49800,2429095000.0
2026-02-13 09:23:27,48.8,2000,sell,2026-02-13_092327_488000_2000,13/02/2026,VGC,450.0,49500,2414500000.0
2026-02-13 09:24:05,48.8,2000,buy,2026-02-13_092405_488000_2000,13/02/2026,VGC,450.0,52000,2536425000.0
2026-02-13 09:24:05,48.65,200,sell,2026-02-13_092405_486500_200,13/02/2026,VGC,300.0,50000,2438825000.0
2026-02-13 09:24:06,48.65,1500,sell,2026-02-13_092406_486500_1500,13/02/2026,VGC,300.0,53500,2609400000.0
2026-02-13 09:24:12,48.6,4800,sell,2026-02-13_092412_486000_4800,13/02/2026,VGC,250.0,58500,2852400000.0
2026-02-13 09:24:12,48.6,200,sell,2026-02-13_092412_486000_200,13/02/2026,VGC,250.0,53700,2619120000.0
2026-02-13 09:24:29,48.55,600,sell,2026-02-13_092429_485500_600,13/02/2026,VGC,200.0,59100,2881530000.0
2026-02-13 09:24:30,48.55,3800,sell,2026-02-13_092430_485500_3800,13/02/2026,VGC,200.0,62900,3066020000.0
2026-02-13 09:25:06,48.7,300,buy,2026-02-13_092506_487000_300,13/02/2026,VGC,350.0,63200,3080630000.0
2026-02-13 09:25:06,48.85,200,buy,2026-02-13_092506_488500_200,13/02/2026,VGC,500.0,63400,3090400000.0
2026-02-13 09:25:41,48.55,800,sell,2026-02-13_092541_485500_800,13/02/2026,VGC,200.0,64200,3129240000.0
2026-02-13 09:25:41,48.55,1300,sell,2026-02-13_092541_485500_1300,13/02/2026,VGC,200.0,65500,3192355000.0
2026-02-13 09:26:21,48.55,200,sell,2026-02-13_092621_485500_200,13/02/2026,VGC,200.0,65700,3202065000.0
2026-02-13 09:26:22,48.55,800,sell,2026-02-13_092622_485500_800,13/02/2026,VGC,200.0,66500,3240905000.0
2026-02-13 09:26:22,48.5,500,sell,2026-02-13_092622_485000_500,13/02/2026,VGC,150.0,67000,3265155000.0
2026-02-13 09:28:14,48.5,3300,sell,2026-02-13_092814_485000_3300,13/02/2026,VGC,150.0,73600,3585255000.0
2026-02-13 09:28:20,48.45,100,sell,2026-02-13_092820_484500_100,13/02/2026,VGC,100.0,73700,3590100000.0
2026-02-13 09:28:22,48.4,5600,sell,2026-02-13_092822_484000_5600,13/02/2026,VGC,50.0,81700,3977420000.0
2026-02-13 09:28:22,48.45,2400,sell,2026-02-13_092822_484500_2400,13/02/2026,VGC,100.0,76100,3706380000.0
2026-02-13 09:28:44,48.4,1000,buy,2026-02-13_092844_484000_1000,13/02/2026,VGC,50.0,82700,4025820000.0
2026-02-13 09:28:56,48.4,200,sell,2026-02-13_092856_484000_200,13/02/2026,VGC,50.0,82900,4035500000.0
2026-02-13 09:28:56,48.45,3000,buy,2026-02-13_092856_484500_3000,13/02/2026,VGC,100.0,85900,4180850000.0
2026-02-13 09:29:22,48.45,1500,buy,2026-02-13_092922_484500_1500,13/02/2026,VGC,100.0,87400,4253525000.0
2026-02-13 09:29:41,48.45,500,sell,2026-02-13_092941_484500_500,13/02/2026,VGC,100.0,87900,4277750000.0
2026-02-13 09:30:34,48.5,2000,buy,2026-02-13_093034_485000_2000,13/02/2026,VGC,150.0,89900,4374750000.0
2026-02-13 09:30:42,48.5,200,buy,2026-02-13_093042_485000_200,13/02/2026,VGC,150.0,90100,4384450000.0
2026-02-13 09:30:48,48.5,3000,buy,2026-02-13_093048_485000_3000,13/02/2026,VGC,150.0,93100,4529950000.0
2026-02-13 09:31:18,48.5,1900,buy,2026-02-13_093118_485000_1900,13/02/2026,VGC,150.0,95000,4622100000.0
2026-02-13 09:33:09,48.5,200,sell,2026-02-13_093309_485000_200,13/02/2026,VGC,150.0,95200,4631800000.0
2026-02-13 09:33:13,48.5,500,sell,2026-02-13_093313_485000_500,13/02/2026,VGC,150.0,95700,4656050000.0
2026-02-13 09:35:21,48.5,300,sell,2026-02-13_093521_485000_300,13/02/2026,VGC,150.0,96000,4670600000.0
2026-02-13 09:35:24,48.5,200,sell,2026-02-13_093524_485000_200,13/02/2026,VGC,150.0,96200,4680300000.0
2026-02-13 09:36:48,48.5,500,sell,2026-02-13_093648_485000_500,13/02/2026,VGC,150.0,96700,4704550000.0
2026-02-13 09:37:40,48.5,200,sell,2026-02-13_093740_485000_200,13/02/2026,VGC,150.0,96900,4714250000.0
2026-02-13 09:39:20,48.6,500,buy,2026-02-13_093920_486000_500,13/02/2026,VGC,250.0,97400,4738550000.0
2026-02-13 09:39:26,48.6,100,buy,2026-02-13_093926_486000_100,13/02/2026,VGC,250.0,97500,4743410000.0
2026-02-13 09:39:42,48.6,700,buy,2026-02-13_093942_486000_700,13/02/2026,VGC,250.0,98200,4777430000.0
2026-02-13 09:40:15,48.6,500,buy,2026-02-13_094015_486000_500,13/02/2026,VGC,250.0,98700,4801730000.0
2026-02-13 09:40:22,48.6,2400,buy,2026-02-13_094022_486000_2400,13/02/2026,VGC,250.0,101100,4918370000.0
2026-02-13 09:40:23,48.55,100,sell,2026-02-13_094023_485500_100,13/02/2026,VGC,200.0,102800,5000985000.0
2026-02-13 09:40:23,48.6,1600,sell,2026-02-13_094023_486000_1600,13/02/2026,VGC,250.0,102700,4996130000.0
2026-02-13 09:41:25,48.7,4200,sell,2026-02-13_094125_487000_4200,13/02/2026,VGC,350.0,109200,5312665000.0
2026-02-13 09:41:25,48.7,2200,buy,2026-02-13_094125_487000_2200,13/02/2026,VGC,350.0,105000,5108125000.0
2026-02-13 09:41:27,48.55,300,sell,2026-02-13_094127_485500_300,13/02/2026,VGC,200.0,109500,5327230000.0
2026-02-13 09:41:50,48.65,400,buy,2026-02-13_094150_486500_400,13/02/2026,VGC,300.0,109900,5346690000.0
2026-02-13 09:42:09,48.65,600,buy,2026-02-13_094209_486500_600,13/02/2026,VGC,300.0,110500,5375880000.0
2026-02-13 09:42:12,48.65,200,sell,2026-02-13_094212_486500_200,13/02/2026,VGC,300.0,110700,5385610000.0
2026-02-13 09:42:35,48.65,1000,sell,2026-02-13_094235_486500_1000,13/02/2026,VGC,300.0,111700,5434260000.0
2026-02-13 09:43:47,48.7,300,sell,2026-02-13_094347_487000_300,13/02/2026,VGC,350.0,112000,5448870000.0
2026-02-13 09:43:47,48.65,700,sell,2026-02-13_094347_486500_700,13/02/2026,VGC,300.0,112700,5482925000.0
2026-02-13 09:44:03,48.8,1000,buy,2026-02-13_094403_488000_1000,13/02/2026,VGC,450.0,113700,5531725000.0
2026-02-13 09:44:04,48.65,100,sell,2026-02-13_094404_486500_100,13/02/2026,VGC,300.0,113800,5536590000.0
2026-02-13 09:44:16,48.65,5400,sell,2026-02-13_094416_486500_5400,13/02/2026,VGC,300.0,119200,5799300000.0
2026-02-13 09:44:40,48.65,100,buy,2026-02-13_094440_486500_100,13/02/2026,VGC,300.0,119300,5804165000.0
2026-02-13 09:44:41,48.65,100,buy,2026-02-13_094441_486500_100,13/02/2026,VGC,300.0,119400,5809030000.0
2026-02-13 09:46:32,48.65,1600,sell,2026-02-13_094632_486500_1600,13/02/2026,VGC,300.0,121000,5886870000.0
2026-02-13 09:46:43,48.65,200,sell,2026-02-13_094643_486500_200,13/02/2026,VGC,300.0,121200,5896600000.0
2026-02-13 09:47:36,48.65,200,sell,2026-02-13_094736_486500_200,13/02/2026,VGC,300.0,121400,5906330000.0
2026-02-13 09:48:46,48.75,500,buy,2026-02-13_094846_487500_500,13/02/2026,VGC,400.0,121900,5930705000.0
2026-02-13 09:48:58,48.75,200,sell,2026-02-13_094858_487500_200,13/02/2026,VGC,400.0,122100,5940455000.0
2026-02-13 09:50:34,48.75,100,buy,2026-02-13_095034_487500_100,13/02/2026,VGC,400.0,122200,5945330000.0
2026-02-13 09:51:13,48.7,3000,sell,2026-02-13_095113_487000_3000,13/02/2026,VGC,350.0,125200,6091430000.0
2026-02-13 09:51:14,48.7,200,sell,2026-02-13_095114_487000_200,13/02/2026,VGC,350.0,125400,6101170000.0
2026-02-13 09:51:28,48.8,100,buy,2026-02-13_095128_488000_100,13/02/2026,VGC,450.0,125500,6106050000.0
2026-02-13 09:51:44,48.8,900,buy,2026-02-13_095144_488000_900,13/02/2026,VGC,450.0,126400,6149970000.0
2026-02-13 09:51:59,48.8,2000,buy,2026-02-13_095159_488000_2000,13/02/2026,VGC,450.0,128400,6247570000.0
2026-02-13 09:52:11,48.85,300,buy,2026-02-13_095211_488500_300,13/02/2026,VGC,500.0,128700,6262225000.0
2026-02-13 09:52:19,48.85,1000,buy,2026-02-13_095219_488500_1000,13/02/2026,VGC,500.0,129700,6311075000.0
2026-02-13 09:52:29,48.9,100,buy,2026-02-13_095229_489000_100,13/02/2026,VGC,550.0,129800,6315965000.0
2026-02-13 09:52:38,48.85,1000,sell,2026-02-13_095238_488500_1000,13/02/2026,VGC,500.0,130800,6364815000.0
2026-02-13 09:52:44,48.85,1000,sell,2026-02-13_095244_488500_1000,13/02/2026,VGC,500.0,131800,6413665000.0
2026-02-13 09:52:50,48.9,2000,buy,2026-02-13_095250_489000_2000,13/02/2026,VGC,550.0,134800,6560315000.0
2026-02-13 09:52:50,48.95,2000,buy,2026-02-13_095250_489500_2000,13/02/2026,VGC,600.0,136800,6658215000.0
2026-02-13 09:52:50,48.85,1000,buy,2026-02-13_095250_488500_1000,13/02/2026,VGC,500.0,132800,6462515000.0
2026-02-13 09:53:08,48.95,300,buy,2026-02-13_095308_489500_300,13/02/2026,VGC,600.0,137200,6677790000.0
2026-02-13 09:53:08,48.9,100,buy,2026-02-13_095308_489000_100,13/02/2026,VGC,550.0,136900,6663105000.0
2026-02-13 09:53:14,48.95,200,sell,2026-02-13_095314_489500_200,13/02/2026,VGC,600.0,137400,6687580000.0
2026-02-13 09:53:16,49.0,500,buy,2026-02-13_095316_490000_500,13/02/2026,VGC,650.0,137900,6712080000.0
2026-02-13 09:53:20,49.0,500,buy,2026-02-13_095320_490000_500,13/02/2026,VGC,650.0,138400,6736580000.0
2026-02-13 09:53:22,49.0,900,buy,2026-02-13_095322_490000_900,13/02/2026,VGC,650.0,139300,6780680000.0
2026-02-13 09:53:30,49.0,100,buy,2026-02-13_095330_490000_100,13/02/2026,VGC,650.0,139400,6785580000.0
2026-02-13 09:53:32,49.0,300,buy,2026-02-13_095332_490000_300,13/02/2026,VGC,650.0,139700,6800280000.0
2026-02-13 09:53:34,49.0,10000,buy,2026-02-13_095334_490000_10000,13/02/2026,VGC,650.0,149700,7290280000.0
2026-02-13 09:53:45,49.0,1200,buy,2026-02-13_095345_490000_1200,13/02/2026,VGC,650.0,151300,7368660000.0
2026-02-13 09:53:45,48.95,400,buy,2026-02-13_095345_489500_400,13/02/2026,VGC,600.0,150100,7309860000.0
2026-02-13 09:53:54,49.0,500,buy,2026-02-13_095354_490000_500,13/02/2026,VGC,650.0,151800,7393160000.0
2026-02-13 09:54:12,49.0,200,buy,2026-02-13_095412_490000_200,13/02/2026,VGC,650.0,152000,7402960000.0
2026-02-13 09:54:13,48.95,600,sell,2026-02-13_095413_489500_600,13/02/2026,VGC,600.0,152600,7432330000.0
2026-02-13 09:54:20,49.0,500,buy,2026-02-13_095420_490000_500,13/02/2026,VGC,650.0,153100,7456830000.0
2026-02-13 09:54:22,49.0,700,buy,2026-02-13_095422_490000_700,13/02/2026,VGC,650.0,153800,7491130000.0
2026-02-13 09:54:29,49.0,1600,buy,2026-02-13_095429_490000_1600,13/02/2026,VGC,650.0,155400,7569530000.0
2026-02-13 09:54:33,49.0,100,buy,2026-02-13_095433_490000_100,13/02/2026,VGC,650.0,155500,7574430000.0
2026-02-13 09:54:54,49.0,1000,buy,2026-02-13_095454_490000_1000,13/02/2026,VGC,650.0,156500,7623430000.0
2026-02-13 09:54:57,49.0,800,buy,2026-02-13_095457_490000_800,13/02/2026,VGC,650.0,157300,7662630000.0
2026-02-13 09:55:05,49.0,500,buy,2026-02-13_095505_490000_500,13/02/2026,VGC,650.0,157800,7687130000.0
2026-02-13 09:55:11,49.0,1000,buy,2026-02-13_095511_490000_1000,13/02/2026,VGC,650.0,158800,7736130000.0
2026-02-13 09:55:29,49.0,100,buy,2026-02-13_095529_490000_100,13/02/2026,VGC,650.0,158900,7741030000.0
2026-02-13 09:55:30,49.0,200,buy,2026-02-13_095530_490000_200,13/02/2026,VGC,650.0,159100,7750830000.0
2026-02-13 09:55:45,48.95,500,sell,2026-02-13_095545_489500_500,13/02/2026,VGC,600.0,159700,7780200000.0
2026-02-13 09:55:45,48.95,100,sell,2026-02-13_095545_489500_100,13/02/2026,VGC,600.0,159200,7755725000.0
2026-02-13 09:55:46,48.9,1100,sell,2026-02-13_095546_489000_1100,13/02/2026,VGC,550.0,160800,7833990000.0
2026-02-13 09:56:51,48.9,1000,sell,2026-02-13_095651_489000_1000,13/02/2026,VGC,550.0,161800,7882890000.0
2026-02-13 09:56:52,48.85,4200,sell,2026-02-13_095652_488500_4200,13/02/2026,VGC,500.0,185000,9017160000.0
2026-02-13 09:56:52,48.85,4400,sell,2026-02-13_095652_488500_4400,13/02/2026,VGC,500.0,189400,9232100000.0
2026-02-13 09:56:52,48.9,19000,sell,2026-02-13_095652_489000_19000,13/02/2026,VGC,550.0,180800,8811990000.0
2026-02-13 09:58:35,48.8,3000,sell,2026-02-13_095835_488000_3000,13/02/2026,VGC,450.0,192400,9378500000.0
2026-02-13 09:58:46,48.8,1200,sell,2026-02-13_095846_488000_1200,13/02/2026,VGC,450.0,193600,9437060000.0
2026-02-13 09:59:14,48.75,2000,sell,2026-02-13_095914_487500_2000,13/02/2026,VGC,400.0,195600,9534560000.0
2026-02-13 10:00:34,48.7,4200,sell,2026-02-13_100034_487000_4200,13/02/2026,VGC,350.0,199800,9739100000.0
2026-02-13 10:01:51,48.7,100,sell,2026-02-13_100151_487000_100,13/02/2026,VGC,350.0,199900,9743970000.0
2026-02-13 10:01:52,48.75,400,buy,2026-02-13_100152_487500_400,13/02/2026,VGC,400.0,200300,9763470000.0
2026-02-13 10:04:27,48.75,2000,buy,2026-02-13_100427_487500_2000,13/02/2026,VGC,400.0,202300,9860970000.0
2026-02-13 10:06:10,48.75,600,buy,2026-02-13_100610_487500_600,13/02/2026,VGC,400.0,202900,9890220000.0
2026-02-13 10:07:05,48.75,200,sell,2026-02-13_100705_487500_200,13/02/2026,VGC,400.0,203100,9899970000.0
2026-02-13 10:07:09,48.8,100,buy,2026-02-13_100709_488000_100,13/02/2026,VGC,450.0,203200,9904850000.0
2026-02-13 10:07:32,48.8,100,buy,2026-02-13_100732_488000_100,13/02/2026,VGC,450.0,203300,9909730000.0
2026-02-13 10:08:03,48.75,4200,sell,2026-02-13_100803_487500_4200,13/02/2026,VGC,400.0,207800,10129120000.0
2026-02-13 10:08:03,48.8,300,sell,2026-02-13_100803_488000_300,13/02/2026,VGC,450.0,203600,9924370000.0
2026-02-13 10:09:21,48.75,200,sell,2026-02-13_100921_487500_200,13/02/2026,VGC,400.0,208000,10138870000.0
2026-02-13 10:09:26,48.75,500,sell,2026-02-13_100926_487500_500,13/02/2026,VGC,400.0,208500,10163245000.0
2026-02-13 10:10:40,48.75,1600,sell,2026-02-13_101040_487500_1600,13/02/2026,VGC,400.0,210100,10241245000.0
2026-02-13 10:11:00,48.75,100,buy,2026-02-13_101100_487500_100,13/02/2026,VGC,400.0,210200,10246120000.0
2026-02-13 10:11:06,48.75,500,buy,2026-02-13_101106_487500_500,13/02/2026,VGC,400.0,210700,10270495000.0
2026-02-13 10:13:37,48.7,500,sell,2026-02-13_101337_487000_500,13/02/2026,VGC,350.0,211200,10294845000.0
2026-02-13 10:13:52,48.7,200,sell,2026-02-13_101352_487000_200,13/02/2026,VGC,350.0,211400,10304585000.0
2026-02-13 10:14:07,48.75,4800,buy,2026-02-13_101407_487500_4800,13/02/2026,VGC,400.0,216200,10538585000.0
2026-02-13 10:14:08,48.7,11300,sell,2026-02-13_101408_487000_11300,13/02/2026,VGC,350.0,228700,11147395000.0
2026-02-13 10:14:08,48.75,1200,sell,2026-02-13_101408_487500_1200,13/02/2026,VGC,400.0,217400,10597085000.0
2026-02-13 10:14:51,48.7,100,sell,2026-02-13_101451_487000_100,13/02/2026,VGC,350.0,228800,11152265000.0
2026-02-13 10:15:28,48.65,100,sell,2026-02-13_101528_486500_100,13/02/2026,VGC,300.0,228900,11157130000.0
2026-02-13 10:16:08,48.7,200,sell,2026-02-13_101608_487000_200,13/02/2026,VGC,350.0,229100,11166870000.0
2026-02-13 10:16:46,48.7,500,sell,2026-02-13_101646_487000_500,13/02/2026,VGC,350.0,229600,11191220000.0
2026-02-13 10:17:56,48.75,1000,buy,2026-02-13_101756_487500_1000,13/02/2026,VGC,400.0,230600,11239970000.0
2026-02-13 10:18:21,48.75,100,buy,2026-02-13_101821_487500_100,13/02/2026,VGC,400.0,230700,11244845000.0
2026-02-13 10:18:23,48.75,200,sell,2026-02-13_101823_487500_200,13/02/2026,VGC,400.0,230900,11254595000.0
2026-02-13 10:20:39,48.75,200,sell,2026-02-13_102039_487500_200,13/02/2026,VGC,400.0,231100,11264345000.0
2026-02-13 10:23:30,48.75,500,buy,2026-02-13_102330_487500_500,13/02/2026,VGC,400.0,231600,11288720000.0
2026-02-13 10:24:36,48.7,15800,sell,2026-02-13_102436_487000_15800,13/02/2026,VGC,350.0,247400,12058180000.0
2026-02-13 10:25:05,48.75,2200,buy,2026-02-13_102505_487500_2200,13/02/2026,VGC,400.0,249600,12165430000.0
2026-02-13 10:26:17,48.65,2000,sell,2026-02-13_102617_486500_2000,13/02/2026,VGC,300.0,251600,12262730000.0
2026-02-13 10:26:50,48.65,300,sell,2026-02-13_102650_486500_300,13/02/2026,VGC,300.0,251900,12277325000.0
2026-02-13 10:27:27,48.65,200,sell,2026-02-13_102727_486500_200,13/02/2026,VGC,300.0,252100,12287055000.0
2026-02-13 10:29:38,48.65,2600,sell,2026-02-13_102938_486500_2600,13/02/2026,VGC,300.0,254700,12413545000.0
2026-02-13 10:29:38,48.65,11700,sell,2026-02-13_102938_486500_11700,13/02/2026,VGC,300.0,266400,12982750000.0
2026-02-13 10:29:50,48.65,2000,buy,2026-02-13_102950_486500_2000,13/02/2026,VGC,300.0,268400,13080050000.0
2026-02-13 10:31:42,48.6,2000,sell,2026-02-13_103142_486000_2000,13/02/2026,VGC,250.0,270400,13177250000.0
2026-02-13 10:31:43,48.6,5700,sell,2026-02-13_103143_486000_5700,13/02/2026,VGC,250.0,276100,13454270000.0
2026-02-13 10:31:43,48.55,7500,sell,2026-02-13_103143_485500_7500,13/02/2026,VGC,200.0,283600,13818395000.0
2026-02-13 10:32:02,48.55,100,buy,2026-02-13_103202_485500_100,13/02/2026,VGC,200.0,283700,13823250000.0
2026-02-13 10:32:13,48.55,500,buy,2026-02-13_103213_485500_500,13/02/2026,VGC,200.0,284200,13847525000.0
2026-02-13 10:32:34,48.5,4000,sell,2026-02-13_103234_485000_4000,13/02/2026,VGC,150.0,288200,14041525000.0
2026-02-13 10:32:37,48.55,400,buy,2026-02-13_103237_485500_400,13/02/2026,VGC,200.0,288600,14060945000.0
2026-02-13 10:32:38,48.5,8100,sell,2026-02-13_103238_485000_8100,13/02/2026,VGC,150.0,296700,14453795000.0
2026-02-13 10:32:42,48.5,600,sell,2026-02-13_103242_485000_600,13/02/2026,VGC,150.0,297300,14482895000.0
2026-02-13 10:32:43,48.45,3200,sell,2026-02-13_103243_484500_3200,13/02/2026,VGC,100.0,300500,14637935000.0
2026-02-13 10:33:48,48.4,2500,sell,2026-02-13_103348_484000_2500,13/02/2026,VGC,50.0,303000,14758935000.0
2026-02-13 10:34:14,48.4,200,sell,2026-02-13_103414_484000_200,13/02/2026,VGC,50.0,303200,14768615000.0
2026-02-13 10:34:34,48.4,900,sell,2026-02-13_103434_484000_900,13/02/2026,VGC,50.0,304100,14812175000.0
2026-02-13 10:34:54,48.4,500,sell,2026-02-13_103454_484000_500,13/02/2026,VGC,50.0,304600,14836375000.0
2026-02-13 10:35:41,48.4,500,sell,2026-02-13_103541_484000_500,13/02/2026,VGC,50.0,305100,14860575000.0
2026-02-13 10:35:48,48.4,1100,sell,2026-02-13_103548_484000_1100,13/02/2026,VGC,50.0,306200,14913815000.0
2026-02-13 10:35:49,48.4,5000,sell,2026-02-13_103549_484000_5000,13/02/2026,VGC,50.0,311200,15155815000.0
2026-02-13 10:35:50,48.35,15600,sell,2026-02-13_103550_483500_15600,13/02/2026,VGC,0.0,326800,15910075000.0
2026-02-13 10:35:54,48.3,4200,sell,2026-02-13_103554_483000_4200,13/02/2026,VGC,-50.0,331000,16112935000.0
2026-02-13 10:36:29,48.35,200,sell,2026-02-13_103629_483500_200,13/02/2026,VGC,0.0,331200,16122605000.0
2026-02-13 10:36:51,48.35,2000,sell,2026-02-13_103651_483500_2000,13/02/2026,VGC,0.0,333300,16224145000.0
2026-02-13 10:36:51,48.4,100,sell,2026-02-13_103651_484000_100,13/02/2026,VGC,50.0,331300,16127445000.0
2026-02-13 10:37:06,48.4,300,sell,2026-02-13_103706_484000_300,13/02/2026,VGC,50.0,333600,16238665000.0
2026-02-13 10:38:50,48.4,200,buy,2026-02-13_103850_484000_200,13/02/2026,VGC,50.0,333800,16248345000.0
2026-02-13 10:38:58,48.4,1000,sell,2026-02-13_103858_484000_1000,13/02/2026,VGC,50.0,334800,16296745000.0
2026-02-13 10:39:00,48.4,800,sell,2026-02-13_103900_484000_800,13/02/2026,VGC,50.0,335600,16335465000.0
2026-02-13 10:39:34,48.35,1500,sell,2026-02-13_103934_483500_1500,13/02/2026,VGC,0.0,337100,16407990000.0
2026-02-13 10:40:08,48.35,1900,sell,2026-02-13_104008_483500_1900,13/02/2026,VGC,0.0,339000,16499855000.0
2026-02-13 10:40:22,48.35,200,buy,2026-02-13_104022_483500_200,13/02/2026,VGC,0.0,339200,16509525000.0
2026-02-13 10:41:01,48.35,200,sell,2026-02-13_104101_483500_200,13/02/2026,VGC,0.0,339400,16519195000.0
2026-02-13 10:41:13,48.35,100,sell,2026-02-13_104113_483500_100,13/02/2026,VGC,0.0,339500,16524030000.0
2026-02-13 10:42:12,48.35,300,sell,2026-02-13_104212_483500_300,13/02/2026,VGC,0.0,339800,16538535000.0
2026-02-13 10:42:50,48.35,1000,sell,2026-02-13_104250_483500_1000,13/02/2026,VGC,0.0,340800,16586885000.0
2026-02-13 10:43:08,48.35,1000,sell,2026-02-13_104308_483500_1000,13/02/2026,VGC,0.0,341800,16635235000.0
2026-02-13 10:43:17,48.35,300,sell,2026-02-13_104317_483500_300,13/02/2026,VGC,0.0,342100,16649740000.0
2026-02-13 10:43:56,48.4,1000,buy,2026-02-13_104356_484000_1000,13/02/2026,VGC,50.0,343100,16698140000.0
2026-02-13 10:43:57,48.35,12300,sell,2026-02-13_104357_483500_12300,13/02/2026,VGC,0.0,355400,17292845000.0
2026-02-13 10:44:12,48.35,1000,sell,2026-02-13_104412_483500_1000,13/02/2026,VGC,0.0,356400,17341195000.0
2026-02-13 10:45:43,48.35,800,buy,2026-02-13_104543_483500_800,13/02/2026,VGC,0.0,357200,17379875000.0
2026-02-13 10:46:38,48.35,100,sell,2026-02-13_104638_483500_100,13/02/2026,VGC,0.0,357300,17384710000.0
2026-02-13 10:46:59,48.35,100,sell,2026-02-13_104659_483500_100,13/02/2026,VGC,0.0,357400,17389545000.0
2026-02-13 10:47:10,48.35,100,sell,2026-02-13_104710_483500_100,13/02/2026,VGC,0.0,357500,17394380000.0
2026-02-13 10:47:47,48.35,200,sell,2026-02-13_104747_483500_200,13/02/2026,VGC,0.0,357700,17404050000.0
2026-02-13 10:47:48,48.35,1800,sell,2026-02-13_104748_483500_1800,13/02/2026,VGC,0.0,359500,17491080000.0
2026-02-13 10:48:13,48.35,100,sell,2026-02-13_104813_483500_100,13/02/2026,VGC,0.0,359600,17495915000.0
2026-02-13 10:48:28,48.35,400,sell,2026-02-13_104828_483500_400,13/02/2026,VGC,0.0,360000,17515255000.0
2026-02-13 10:49:17,48.35,100,sell,2026-02-13_104917_483500_100,13/02/2026,VGC,0.0,360100,17520090000.0
2026-02-13 10:50:04,48.35,200,sell,2026-02-13_105004_483500_200,13/02/2026,VGC,0.0,360300,17529760000.0
2026-02-13 10:50:25,48.35,100,sell,2026-02-13_105025_483500_100,13/02/2026,VGC,0.0,360400,17534595000.0
2026-02-13 10:51:03,48.4,5500,buy,2026-02-13_105103_484000_5500,13/02/2026,VGC,50.0,365900,17800795000.0
2026-02-13 10:51:43,48.7,500,buy,2026-02-13_105143_487000_500,13/02/2026,VGC,350.0,388700,18907205000.0
2026-02-13 10:51:43,48.65,3400,buy,2026-02-13_105143_486500_3400,13/02/2026,VGC,300.0,388200,18882855000.0
2026-02-13 10:51:43,48.5,18900,buy,2026-02-13_105143_485000_18900,13/02/2026,VGC,150.0,384800,18717445000.0
2026-02-13 10:51:44,48.7,5000,sell,2026-02-13_105144_487000_5000,13/02/2026,VGC,350.0,393700,19150705000.0
2026-02-13 10:52:08,48.75,500,buy,2026-02-13_105208_487500_500,13/02/2026,VGC,400.0,394200,19175080000.0
2026-02-13 10:52:14,48.75,2000,buy,2026-02-13_105214_487500_2000,13/02/2026,VGC,400.0,396200,19272580000.0
2026-02-13 10:54:00,48.75,4200,buy,2026-02-13_105400_487500_4200,13/02/2026,VGC,400.0,400400,19477330000.0
2026-02-13 10:54:35,48.75,200,sell,2026-02-13_105435_487500_200,13/02/2026,VGC,400.0,400600,19487080000.0
2026-02-13 10:54:46,48.75,200,sell,2026-02-13_105446_487500_200,13/02/2026,VGC,400.0,404200,19662580000.0
2026-02-13 10:54:46,48.75,3400,sell,2026-02-13_105446_487500_3400,13/02/2026,VGC,400.0,404000,19652830000.0
2026-02-13 10:54:46,48.7,12000,sell,2026-02-13_105446_487000_12000,13/02/2026,VGC,350.0,416200,20246980000.0
2026-02-13 10:55:42,48.7,3000,sell,2026-02-13_105542_487000_3000,13/02/2026,VGC,350.0,419200,20393080000.0
2026-02-13 10:56:07,48.7,100,sell,2026-02-13_105607_487000_100,13/02/2026,VGC,350.0,419300,20397950000.0
2026-02-13 10:56:51,48.7,200,sell,2026-02-13_105651_487000_200,13/02/2026,VGC,350.0,419500,20407690000.0
2026-02-13 10:58:33,48.7,200,sell,2026-02-13_105833_487000_200,13/02/2026,VGC,350.0,419700,20417430000.0
2026-02-13 10:59:07,48.7,200,sell,2026-02-13_105907_487000_200,13/02/2026,VGC,350.0,419900,20427170000.0
2026-02-13 10:59:28,48.7,1000,sell,2026-02-13_105928_487000_1000,13/02/2026,VGC,350.0,420900,20475870000.0
2026-02-13 10:59:44,48.7,1000,sell,2026-02-13_105944_487000_1000,13/02/2026,VGC,350.0,421900,20524570000.0
2026-02-13 11:00:29,48.7,100,sell,2026-02-13_110029_487000_100,13/02/2026,VGC,350.0,422000,20529440000.0
2026-02-13 11:00:51,48.7,1500,sell,2026-02-13_110051_487000_1500,13/02/2026,VGC,350.0,423500,20602490000.0
2026-02-13 11:01:23,48.7,200,sell,2026-02-13_110123_487000_200,13/02/2026,VGC,350.0,423700,20612230000.0
2026-02-13 11:03:32,48.75,200,buy,2026-02-13_110332_487500_200,13/02/2026,VGC,400.0,423900,20621980000.0
2026-02-13 11:03:56,48.75,100,buy,2026-02-13_110356_487500_100,13/02/2026,VGC,400.0,424000,20626855000.0
2026-02-13 11:04:48,48.75,1000,buy,2026-02-13_110448_487500_1000,13/02/2026,VGC,400.0,425000,20675605000.0
2026-02-13 11:05:16,48.75,4500,buy,2026-02-13_110516_487500_4500,13/02/2026,VGC,400.0,429500,20894980000.0
2026-02-13 11:05:53,48.75,200,sell,2026-02-13_110553_487500_200,13/02/2026,VGC,400.0,429700,20904730000.0
2026-02-13 11:06:00,48.8,1600,buy,2026-02-13_110600_488000_1600,13/02/2026,VGC,450.0,431300,20982810000.0
2026-02-13 11:06:26,48.8,2200,buy,2026-02-13_110626_488000_2200,13/02/2026,VGC,450.0,433500,21090170000.0
2026-02-13 11:06:43,48.8,500,buy,2026-02-13_110643_488000_500,13/02/2026,VGC,450.0,434000,21114570000.0
2026-02-13 11:07:16,48.8,500,buy,2026-02-13_110716_488000_500,13/02/2026,VGC,450.0,434500,21138970000.0
2026-02-13 11:07:34,48.8,2900,buy,2026-02-13_110734_488000_2900,13/02/2026,VGC,450.0,437400,21280490000.0
2026-02-13 11:08:10,48.8,200,sell,2026-02-13_110810_488000_200,13/02/2026,VGC,450.0,437600,21290250000.0
2026-02-13 11:09:00,48.8,100,sell,2026-02-13_110900_488000_100,13/02/2026,VGC,450.0,437700,21295130000.0
2026-02-13 11:09:50,48.8,1700,sell,2026-02-13_110950_488000_1700,13/02/2026,VGC,450.0,439400,21378090000.0
2026-02-13 11:09:57,48.8,1200,sell,2026-02-13_110957_488000_1200,13/02/2026,VGC,450.0,440600,21436650000.0
2026-02-13 11:09:58,48.8,2800,sell,2026-02-13_110958_488000_2800,13/02/2026,VGC,450.0,443400,21573290000.0
2026-02-13 11:10:16,48.8,1000,buy,2026-02-13_111016_488000_1000,13/02/2026,VGC,450.0,444400,21622090000.0
2026-02-13 11:11:31,48.8,200,buy,2026-02-13_111131_488000_200,13/02/2026,VGC,450.0,444600,21631850000.0
2026-02-13 11:11:35,48.8,5000,buy,2026-02-13_111135_488000_5000,13/02/2026,VGC,450.0,449600,21875850000.0
2026-02-13 11:12:41,48.8,200,sell,2026-02-13_111241_488000_200,13/02/2026,VGC,450.0,449800,21885610000.0
2026-02-13 11:12:44,48.85,100,buy,2026-02-13_111244_488500_100,13/02/2026,VGC,500.0,449900,21890495000.0
2026-02-13 11:13:26,48.85,300,buy,2026-02-13_111326_488500_300,13/02/2026,VGC,500.0,450200,21905150000.0
2026-02-13 11:13:28,48.85,100,buy,2026-02-13_111328_488500_100,13/02/2026,VGC,500.0,450300,21910035000.0
2026-02-13 11:13:40,48.85,1300,buy,2026-02-13_111340_488500_1300,13/02/2026,VGC,500.0,451600,21973540000.0
2026-02-13 11:14:32,48.9,2300,buy,2026-02-13_111432_489000_2300,13/02/2026,VGC,550.0,453900,22086010000.0
2026-02-13 11:14:50,48.9,400,buy,2026-02-13_111450_489000_400,13/02/2026,VGC,550.0,454300,22105570000.0
2026-02-13 11:14:56,48.9,400,buy,2026-02-13_111456_489000_400,13/02/2026,VGC,550.0,454700,22125130000.0
2026-02-13 11:14:57,48.9,200,sell,2026-02-13_111457_489000_200,13/02/2026,VGC,550.0,454900,22134910000.0
2026-02-13 11:15:17,48.9,400,sell,2026-02-13_111517_489000_400,13/02/2026,VGC,550.0,455300,22154470000.0
2026-02-13 11:15:31,48.9,100,buy,2026-02-13_111531_489000_100,13/02/2026,VGC,550.0,455400,22159360000.0
2026-02-13 11:16:28,48.85,100,sell,2026-02-13_111628_488500_100,13/02/2026,VGC,500.0,455500,22164245000.0
2026-02-13 11:16:29,48.85,4200,sell,2026-02-13_111629_488500_4200,13/02/2026,VGC,500.0,459700,22369415000.0
2026-02-13 11:19:31,48.85,1700,buy,2026-02-13_111931_488500_1700,13/02/2026,VGC,500.0,461400,22452460000.0
2026-02-13 11:20:04,48.85,5000,buy,2026-02-13_112004_488500_5000,13/02/2026,VGC,500.0,466400,22696710000.0
2026-02-13 11:20:17,48.8,6000,sell,2026-02-13_112017_488000_6000,13/02/2026,VGC,450.0,472400,22989510000.0
2026-02-13 11:20:28,48.8,100,sell,2026-02-13_112028_488000_100,13/02/2026,VGC,450.0,472500,22994390000.0
2026-02-13 11:21:24,48.8,400,sell,2026-02-13_112124_488000_400,13/02/2026,VGC,450.0,472900,23013910000.0
2026-02-13 11:21:24,48.75,5400,sell,2026-02-13_112124_487500_5400,13/02/2026,VGC,400.0,478300,23277160000.0
2026-02-13 11:21:43,48.75,200,sell,2026-02-13_112143_487500_200,13/02/2026,VGC,400.0,478500,23286910000.0
2026-02-13 11:22:22,48.75,1400,sell,2026-02-13_112222_487500_1400,13/02/2026,VGC,400.0,479900,23355160000.0
2026-02-13 11:23:04,48.75,100,sell,2026-02-13_112304_487500_100,13/02/2026,VGC,400.0,480000,23360035000.0
2026-02-13 11:23:07,48.7,5000,sell,2026-02-13_112307_487000_5000,13/02/2026,VGC,350.0,486900,23696160000.0
2026-02-13 11:23:07,48.75,1900,sell,2026-02-13_112307_487500_1900,13/02/2026,VGC,400.0,481900,23452660000.0
2026-02-13 11:24:16,48.7,100,buy,2026-02-13_112416_487000_100,13/02/2026,VGC,350.0,487000,23701030000.0
2026-02-13 11:24:30,48.7,100,buy,2026-02-13_112430_487000_100,13/02/2026,VGC,350.0,487100,23705900000.0
2026-02-13 11:25:11,48.7,500,sell,2026-02-13_112511_487000_500,13/02/2026,VGC,350.0,487600,23730250000.0
2026-02-13 11:26:16,48.7,200,sell,2026-02-13_112616_487000_200,13/02/2026,VGC,350.0,487800,23739990000.0
2026-02-13 11:28:32,48.75,300,sell,2026-02-13_112832_487500_300,13/02/2026,VGC,400.0,488100,23754615000.0
2026-02-13 11:29:29,48.8,3800,buy,2026-02-13_112929_488000_3800,13/02/2026,VGC,450.0,491900,23940055000.0
2026-02-13 13:00:02,48.8,300,sell,2026-02-13_130002_488000_300,13/02/2026,VGC,450.0,492200,23954695000.0
2026-02-13 13:00:11,48.8,2000,sell,2026-02-13_130011_488000_2000,13/02/2026,VGC,450.0,494200,24052295000.0
2026-02-13 13:00:16,48.8,100,sell,2026-02-13_130016_488000_100,13/02/2026,VGC,450.0,494300,24057175000.0
2026-02-13 13:00:18,48.85,900,buy,2026-02-13_130018_488500_900,13/02/2026,VGC,500.0,495200,24101140000.0
2026-02-13 13:00:20,48.8,100,buy,2026-02-13_130020_488000_100,13/02/2026,VGC,450.0,495300,24106020000.0
2026-02-13 13:01:26,48.8,2300,buy,2026-02-13_130126_488000_2300,13/02/2026,VGC,450.0,497600,24218260000.0
2026-02-13 13:01:37,48.85,7200,buy,2026-02-13_130137_488500_7200,13/02/2026,VGC,500.0,504800,24569980000.0
2026-02-13 13:01:56,48.85,300,buy,2026-02-13_130156_488500_300,13/02/2026,VGC,500.0,505100,24584635000.0
2026-02-13 13:02:09,48.9,500,buy,2026-02-13_130209_489000_500,13/02/2026,VGC,550.0,505600,24609085000.0
2026-02-13 13:02:48,48.8,200,sell,2026-02-13_130248_488000_200,13/02/2026,VGC,450.0,505800,24618845000.0
2026-02-13 13:03:02,48.8,200,sell,2026-02-13_130302_488000_200,13/02/2026,VGC,450.0,506000,24628605000.0
2026-02-13 13:03:17,48.8,400,sell,2026-02-13_130317_488000_400,13/02/2026,VGC,450.0,506400,24648125000.0
2026-02-13 13:03:42,48.8,100,buy,2026-02-13_130342_488000_100,13/02/2026,VGC,450.0,506500,24653005000.0
2026-02-13 13:03:52,48.8,200,buy,2026-02-13_130352_488000_200,13/02/2026,VGC,450.0,506700,24662765000.0
2026-02-13 13:04:29,48.75,100,sell,2026-02-13_130429_487500_100,13/02/2026,VGC,400.0,506900,24672520000.0
2026-02-13 13:04:29,48.8,100,sell,2026-02-13_130429_488000_100,13/02/2026,VGC,450.0,506800,24667645000.0
2026-02-13 13:04:54,48.8,1000,sell,2026-02-13_130454_488000_1000,13/02/2026,VGC,450.0,507900,24721320000.0
2026-02-13 13:05:20,48.8,1000,buy,2026-02-13_130520_488000_1000,13/02/2026,VGC,450.0,508900,24770120000.0
2026-02-13 13:05:31,48.8,500,buy,2026-02-13_130531_488000_500,13/02/2026,VGC,450.0,509400,24794520000.0
2026-02-13 13:05:49,48.8,200,buy,2026-02-13_130549_488000_200,13/02/2026,VGC,450.0,509600,24804280000.0
2026-02-13 13:06:54,48.8,300,buy,2026-02-13_130654_488000_300,13/02/2026,VGC,450.0,509900,24818920000.0
2026-02-13 13:08:17,48.8,200,buy,2026-02-13_130817_488000_200,13/02/2026,VGC,450.0,510100,24828680000.0
2026-02-13 13:09:17,48.8,100,sell,2026-02-13_130917_488000_100,13/02/2026,VGC,450.0,510200,24833560000.0
2026-02-13 13:09:45,48.85,100,buy,2026-02-13_130945_488500_100,13/02/2026,VGC,500.0,510300,24838445000.0
2026-02-13 13:09:45,48.9,5600,buy,2026-02-13_130945_489000_5600,13/02/2026,VGC,550.0,515900,25112285000.0
2026-02-13 13:10:53,48.9,600,buy,2026-02-13_131053_489000_600,13/02/2026,VGC,550.0,516500,25141625000.0
2026-02-13 13:10:59,48.9,500,buy,2026-02-13_131059_489000_500,13/02/2026,VGC,550.0,517000,25166075000.0
2026-02-13 13:11:13,48.9,500,sell,2026-02-13_131113_489000_500,13/02/2026,VGC,550.0,517500,25190525000.0
2026-02-13 13:13:05,48.85,300,buy,2026-02-13_131305_488500_300,13/02/2026,VGC,500.0,517800,25205180000.0
2026-02-13 13:13:56,48.9,100,buy,2026-02-13_131356_489000_100,13/02/2026,VGC,550.0,517900,25210070000.0
2026-02-13 13:14:55,48.85,700,sell,2026-02-13_131455_488500_700,13/02/2026,VGC,500.0,518600,25244265000.0
2026-02-13 13:15:05,48.85,200,sell,2026-02-13_131505_488500_200,13/02/2026,VGC,500.0,518800,25254035000.0
2026-02-13 13:15:48,48.9,2100,buy,2026-02-13_131548_489000_2100,13/02/2026,VGC,550.0,521200,25371380000.0
2026-02-13 13:15:48,48.85,300,buy,2026-02-13_131548_488500_300,13/02/2026,VGC,500.0,519100,25268690000.0
2026-02-13 13:16:07,48.9,100,buy,2026-02-13_131607_489000_100,13/02/2026,VGC,550.0,521300,25376270000.0
2026-02-13 13:16:27,48.9,300,sell,2026-02-13_131627_489000_300,13/02/2026,VGC,550.0,521600,25390940000.0
2026-02-13 13:16:37,48.9,200,sell,2026-02-13_131637_489000_200,13/02/2026,VGC,550.0,521800,25400720000.0
2026-02-13 13:17:11,48.95,2000,buy,2026-02-13_131711_489500_2000,13/02/2026,VGC,600.0,523800,25498620000.0
2026-02-13 13:18:11,48.9,300,sell,2026-02-13_131811_489000_300,13/02/2026,VGC,550.0,524100,25513290000.0
2026-02-13 13:18:28,48.95,900,buy,2026-02-13_131828_489500_900,13/02/2026,VGC,600.0,525000,25557345000.0
2026-02-13 13:18:35,48.95,200,buy,2026-02-13_131835_489500_200,13/02/2026,VGC,600.0,525200,25567135000.0
2026-02-13 13:18:55,48.95,2400,buy,2026-02-13_131855_489500_2400,13/02/2026,VGC,600.0,527600,25684615000.0
2026-02-13 13:18:58,48.95,500,sell,2026-02-13_131858_489500_500,13/02/2026,VGC,600.0,528100,25709090000.0
2026-02-13 13:19:00,48.95,200,sell,2026-02-13_131900_489500_200,13/02/2026,VGC,600.0,528300,25718880000.0
2026-02-13 13:19:17,48.95,300,sell,2026-02-13_131917_489500_300,13/02/2026,VGC,600.0,528600,25733565000.0
2026-02-13 13:20:55,49.0,2000,buy,2026-02-13_132055_490000_2000,13/02/2026,VGC,650.0,530600,25831565000.0
2026-02-13 13:21:02,49.0,100,buy,2026-02-13_132102_490000_100,13/02/2026,VGC,650.0,530700,25836465000.0
2026-02-13 13:21:08,49.0,1000,buy,2026-02-13_132108_490000_1000,13/02/2026,VGC,650.0,531700,25885465000.0
2026-02-13 13:21:18,49.0,500,buy,2026-02-13_132118_490000_500,13/02/2026,VGC,650.0,532200,25909965000.0
2026-02-13 13:21:23,49.0,200,buy,2026-02-13_132123_490000_200,13/02/2026,VGC,650.0,532400,25919765000.0
2026-02-13 13:21:28,49.0,6800,buy,2026-02-13_132128_490000_6800,13/02/2026,VGC,650.0,539200,26252965000.0
2026-02-13 13:21:32,49.0,1000,buy,2026-02-13_132132_490000_1000,13/02/2026,VGC,650.0,540200,26301965000.0
2026-02-13 13:21:39,49.0,100,buy,2026-02-13_132139_490000_100,13/02/2026,VGC,650.0,540300,26306865000.0
2026-02-13 13:21:41,49.0,1400,buy,2026-02-13_132141_490000_1400,13/02/2026,VGC,650.0,541700,26375465000.0
2026-02-13 13:21:51,49.0,200,buy,2026-02-13_132151_490000_200,13/02/2026,VGC,650.0,541900,26385265000.0
2026-02-13 13:22:20,49.0,100,buy,2026-02-13_132220_490000_100,13/02/2026,VGC,650.0,542000,26390165000.0
2026-02-13 13:22:30,49.0,500,buy,2026-02-13_132230_490000_500,13/02/2026,VGC,650.0,542500,26414665000.0
2026-02-13 13:22:31,49.0,20000,buy,2026-02-13_132231_490000_20000,13/02/2026,VGC,650.0,562500,27394665000.0
2026-02-13 13:22:33,49.0,5000,buy,2026-02-13_132233_490000_5000,13/02/2026,VGC,650.0,567500,27639665000.0
2026-02-13 13:22:35,49.0,200,buy,2026-02-13_132235_490000_200,13/02/2026,VGC,650.0,567700,27649465000.0
2026-02-13 13:22:35,49.0,1900,buy,2026-02-13_132235_490000_1900,13/02/2026,VGC,650.0,569600,27742565000.0
2026-02-13 13:22:35,49.0,500,buy,2026-02-13_132235_490000_500,13/02/2026,VGC,650.0,570100,27767065000.0
2026-02-13 13:22:36,49.0,200,buy,2026-02-13_132236_490000_200,13/02/2026,VGC,650.0,570300,27776865000.0
2026-02-13 13:22:37,49.0,500,buy,2026-02-13_132237_490000_500,13/02/2026,VGC,650.0,570800,27801365000.0
2026-02-13 13:22:38,49.0,1000,buy,2026-02-13_132238_490000_1000,13/02/2026,VGC,650.0,571800,27850365000.0
2026-02-13 13:22:41,49.0,20000,buy,2026-02-13_132241_490000_20000,13/02/2026,VGC,650.0,592800,28879365000.0
2026-02-13 13:22:41,49.0,1000,buy,2026-02-13_132241_490000_1000,13/02/2026,VGC,650.0,572800,27899365000.0
2026-02-13 13:22:44,49.0,1200,buy,2026-02-13_132244_490000_1200,13/02/2026,VGC,650.0,594000,28938165000.0
2026-02-13 13:22:44,49.0,1500,buy,2026-02-13_132244_490000_1500,13/02/2026,VGC,650.0,595500,29011665000.0
2026-02-13 13:22:44,48.95,100,sell,2026-02-13_132244_489500_100,13/02/2026,VGC,600.0,595600,29016560000.0
2026-02-13 13:22:44,49.0,10000,buy,2026-02-13_132244_490000_10000,13/02/2026,VGC,650.0,605600,29506560000.0
2026-02-13 13:22:45,49.0,600,buy,2026-02-13_132245_490000_600,13/02/2026,VGC,650.0,606200,29535960000.0
2026-02-13 13:22:58,49.05,400,buy,2026-02-13_132258_490500_400,13/02/2026,VGC,700.0,606600,29555580000.0
2026-02-13 13:23:17,49.15,300,buy,2026-02-13_132317_491500_300,13/02/2026,VGC,800.0,607100,29580145000.0
2026-02-13 13:23:17,49.1,200,buy,2026-02-13_132317_491000_200,13/02/2026,VGC,750.0,606800,29565400000.0
2026-02-13 13:23:22,49.05,300,sell,2026-02-13_132322_490500_300,13/02/2026,VGC,700.0,607400,29594860000.0
2026-02-13 13:23:25,49.05,200,sell,2026-02-13_132325_490500_200,13/02/2026,VGC,700.0,607600,29604670000.0
2026-02-13 13:23:28,49.1,500,sell,2026-02-13_132328_491000_500,13/02/2026,VGC,750.0,608100,29629220000.0
2026-02-13 13:23:40,49.15,100,sell,2026-02-13_132340_491500_100,13/02/2026,VGC,800.0,608200,29634135000.0
2026-02-13 13:23:49,49.2,3000,buy,2026-02-13_132349_492000_3000,13/02/2026,VGC,850.0,611200,29781735000.0
2026-02-13 13:23:55,49.2,200,buy,2026-02-13_132355_492000_200,13/02/2026,VGC,850.0,611400,29791575000.0
2026-02-13 13:23:57,49.15,100,sell,2026-02-13_132357_491500_100,13/02/2026,VGC,800.0,611500,29796490000.0
2026-02-13 13:24:05,49.2,1600,buy,2026-02-13_132405_492000_1600,13/02/2026,VGC,850.0,613100,29875210000.0
2026-02-13 13:24:07,49.2,2000,buy,2026-02-13_132407_492000_2000,13/02/2026,VGC,850.0,615100,29973610000.0
2026-02-13 13:24:07,49.2,1200,buy,2026-02-13_132407_492000_1200,13/02/2026,VGC,850.0,616300,30032650000.0
2026-02-13 13:24:10,49.2,1000,buy,2026-02-13_132410_492000_1000,13/02/2026,VGC,850.0,617300,30081850000.0
2026-02-13 13:24:13,49.2,1000,buy,2026-02-13_132413_492000_1000,13/02/2026,VGC,850.0,618300,30131050000.0
2026-02-13 13:24:18,49.3,2700,buy,2026-02-13_132418_493000_2700,13/02/2026,VGC,950.0,621300,30278935000.0
2026-02-13 13:24:18,49.25,300,buy,2026-02-13_132418_492500_300,13/02/2026,VGC,900.0,618600,30145825000.0
2026-02-13 13:24:24,49.3,1000,buy,2026-02-13_132424_493000_1000,13/02/2026,VGC,950.0,622300,30328235000.0
2026-02-13 13:24:34,49.3,400,buy,2026-02-13_132434_493000_400,13/02/2026,VGC,950.0,622700,30347955000.0
2026-02-13 13:24:35,49.3,100,buy,2026-02-13_132435_493000_100,13/02/2026,VGC,950.0,622800,30352885000.0
2026-02-13 13:24:37,49.3,1500,buy,2026-02-13_132437_493000_1500,13/02/2026,VGC,950.0,624300,30426835000.0
2026-02-13 13:24:38,49.3,1000,buy,2026-02-13_132438_493000_1000,13/02/2026,VGC,950.0,625300,30476135000.0
2026-02-13 13:24:43,49.35,100,buy,2026-02-13_132443_493500_100,13/02/2026,VGC,1000.0,625400,30481070000.0
2026-02-13 13:24:51,49.35,400,buy,2026-02-13_132451_493500_400,13/02/2026,VGC,1000.0,625800,30500810000.0
2026-02-13 13:25:02,49.4,3000,buy,2026-02-13_132502_494000_3000,13/02/2026,VGC,1050.0,628800,30649010000.0
2026-02-13 13:25:07,49.45,300,buy,2026-02-13_132507_494500_300,13/02/2026,VGC,1100.0,629100,30663845000.0
2026-02-13 13:25:08,49.45,100,buy,2026-02-13_132508_494500_100,13/02/2026,VGC,1100.0,629200,30668790000.0
2026-02-13 13:25:12,49.5,9800,buy,2026-02-13_132512_495000_9800,13/02/2026,VGC,1150.0,639000,31153890000.0
2026-02-13 13:25:15,49.5,100,buy,2026-02-13_132515_495000_100,13/02/2026,VGC,1150.0,639100,31158840000.0
2026-02-13 13:25:26,49.5,100,buy,2026-02-13_132526_495000_100,13/02/2026,VGC,1150.0,639200,31163790000.0
2026-02-13 13:25:27,49.5,3000,buy,2026-02-13_132527_495000_3000,13/02/2026,VGC,1150.0,647200,31559790000.0
2026-02-13 13:25:27,49.5,5000,buy,2026-02-13_132527_495000_5000,13/02/2026,VGC,1150.0,644200,31411290000.0
2026-02-13 13:25:28,49.5,3000,buy,2026-02-13_132528_495000_3000,13/02/2026,VGC,1150.0,650200,31708290000.0
2026-02-13 13:25:29,49.5,2600,buy,2026-02-13_132529_495000_2600,13/02/2026,VGC,1150.0,652800,31836990000.0
2026-02-13 13:25:35,49.55,1100,buy,2026-02-13_132535_495500_1100,13/02/2026,VGC,1200.0,653900,31891495000.0
2026-02-13 13:25:38,49.6,200,buy,2026-02-13_132538_496000_200,13/02/2026,VGC,1250.0,654100,31901415000.0
2026-02-13 13:25:40,49.55,300,sell,2026-02-13_132540_495500_300,13/02/2026,VGC,1200.0,654400,31916280000.0
2026-02-13 13:25:45,49.6,5900,buy,2026-02-13_132545_496000_5900,13/02/2026,VGC,1250.0,660300,32208920000.0
2026-02-13 13:25:49,49.6,100,buy,2026-02-13_132549_496000_100,13/02/2026,VGC,1250.0,660400,32213880000.0
2026-02-13 13:25:55,49.6,100,buy,2026-02-13_132555_496000_100,13/02/2026,VGC,1250.0,660500,32218840000.0
2026-02-13 13:26:01,49.6,7200,buy,2026-02-13_132601_496000_7200,13/02/2026,VGC,1250.0,667700,32575960000.0
2026-02-13 13:26:02,49.6,1400,sell,2026-02-13_132602_496000_1400,13/02/2026,VGC,1250.0,669100,32645400000.0
2026-02-13 13:26:05,49.6,2500,sell,2026-02-13_132605_496000_2500,13/02/2026,VGC,1250.0,674200,32898360000.0
2026-02-13 13:26:05,49.6,2600,sell,2026-02-13_132605_496000_2600,13/02/2026,VGC,1250.0,671700,32774360000.0
2026-02-13 13:26:10,49.6,300,sell,2026-02-13_132610_496000_300,13/02/2026,VGC,1250.0,674600,32918200000.0
2026-02-13 13:26:10,49.55,2500,sell,2026-02-13_132610_495500_2500,13/02/2026,VGC,1200.0,677100,33042075000.0
2026-02-13 13:26:10,49.6,100,sell,2026-02-13_132610_496000_100,13/02/2026,VGC,1250.0,674300,32903320000.0
2026-02-13 13:26:16,49.55,700,buy,2026-02-13_132616_495500_700,13/02/2026,VGC,1200.0,677800,33076760000.0
2026-02-13 13:26:20,49.5,4000,sell,2026-02-13_132620_495000_4000,13/02/2026,VGC,1150.0,681800,33274760000.0
2026-02-13 13:26:20,49.5,100,sell,2026-02-13_132620_495000_100,13/02/2026,VGC,1150.0,681900,33279710000.0
2026-02-13 13:26:28,49.5,800,buy,2026-02-13_132628_495000_800,13/02/2026,VGC,1150.0,682700,33319310000.0
2026-02-13 13:26:29,49.45,100,sell,2026-02-13_132629_494500_100,13/02/2026,VGC,1100.0,682800,33324255000.0
2026-02-13 13:26:29,49.45,7600,sell,2026-02-13_132629_494500_7600,13/02/2026,VGC,1100.0,690400,33700075000.0
2026-02-13 13:26:37,49.5,1000,buy,2026-02-13_132637_495000_1000,13/02/2026,VGC,1150.0,691400,33749575000.0
2026-02-13 13:26:41,49.45,100,buy,2026-02-13_132641_494500_100,13/02/2026,VGC,1100.0,691500,33754520000.0
2026-02-13 13:26:46,49.5,1300,buy,2026-02-13_132646_495000_1300,13/02/2026,VGC,1150.0,692800,33818870000.0
2026-02-13 13:26:48,49.5,100,sell,2026-02-13_132648_495000_100,13/02/2026,VGC,1150.0,694500,33903020000.0
2026-02-13 13:26:48,49.5,1600,sell,2026-02-13_132648_495000_1600,13/02/2026,VGC,1150.0,694400,33898070000.0
2026-02-13 13:26:49,49.5,1000,buy,2026-02-13_132649_495000_1000,13/02/2026,VGC,1150.0,695500,33952520000.0
2026-02-13 13:26:51,49.45,1000,sell,2026-02-13_132651_494500_1000,13/02/2026,VGC,1100.0,696500,34001970000.0
2026-02-13 13:26:55,49.45,600,sell,2026-02-13_132655_494500_600,13/02/2026,VGC,1100.0,697100,34031640000.0
2026-02-13 13:27:02,49.45,700,buy,2026-02-13_132702_494500_700,13/02/2026,VGC,1100.0,697800,34066255000.0
2026-02-13 13:27:03,49.45,100,buy,2026-02-13_132703_494500_100,13/02/2026,VGC,1100.0,697900,34071200000.0
2026-02-13 13:27:18,49.4,1000,sell,2026-02-13_132718_494000_1000,13/02/2026,VGC,1050.0,698900,34120600000.0
2026-02-13 13:27:20,49.4,1000,sell,2026-02-13_132720_494000_1000,13/02/2026,VGC,1050.0,699900,34170000000.0
2026-02-13 13:27:24,49.4,2000,sell,2026-02-13_132724_494000_2000,13/02/2026,VGC,1050.0,701900,34268800000.0
2026-02-13 13:27:36,49.4,2700,sell,2026-02-13_132736_494000_2700,13/02/2026,VGC,1050.0,704600,34402180000.0
2026-02-13 13:27:38,49.4,100,sell,2026-02-13_132738_494000_100,13/02/2026,VGC,1050.0,704700,34407120000.0
2026-02-13 13:27:39,49.4,300,sell,2026-02-13_132739_494000_300,13/02/2026,VGC,1050.0,705000,34421940000.0
2026-02-13 13:27:46,49.4,1100,buy,2026-02-13_132746_494000_1100,13/02/2026,VGC,1050.0,706100,34476280000.0
2026-02-13 13:27:48,49.35,300,sell,2026-02-13_132748_493500_300,13/02/2026,VGC,1000.0,706400,34491085000.0
2026-02-13 13:27:56,49.35,200,sell,2026-02-13_132756_493500_200,13/02/2026,VGC,1000.0,706600,34500955000.0
2026-02-13 13:28:09,49.35,1300,sell,2026-02-13_132809_493500_1300,13/02/2026,VGC,1000.0,707900,34565110000.0
2026-02-13 13:28:14,49.35,3000,sell,2026-02-13_132814_493500_3000,13/02/2026,VGC,1000.0,710900,34713160000.0
2026-02-13 13:28:16,49.35,200,sell,2026-02-13_132816_493500_200,13/02/2026,VGC,1000.0,711100,34723030000.0
2026-02-13 13:28:22,49.35,1000,sell,2026-02-13_132822_493500_1000,13/02/2026,VGC,1000.0,712100,34772380000.0
2026-02-13 13:28:28,49.35,100,sell,2026-02-13_132828_493500_100,13/02/2026,VGC,1000.0,712200,34777315000.0
2026-02-13 13:28:30,49.35,400,sell,2026-02-13_132830_493500_400,13/02/2026,VGC,1000.0,712600,34797055000.0
2026-02-13 13:28:44,49.3,1600,sell,2026-02-13_132844_493000_1600,13/02/2026,VGC,950.0,714200,34875935000.0
2026-02-13 13:29:01,49.3,800,sell,2026-02-13_132901_493000_800,13/02/2026,VGC,950.0,715500,34940025000.0
2026-02-13 13:29:01,49.3,500,sell,2026-02-13_132901_493000_500,13/02/2026,VGC,950.0,714700,34900585000.0
2026-02-13 13:29:02,49.3,400,sell,2026-02-13_132902_493000_400,13/02/2026,VGC,950.0,715900,34959745000.0
2026-02-13 13:29:07,49.2,1500,sell,2026-02-13_132907_492000_1500,13/02/2026,VGC,850.0,717400,35033545000.0
2026-02-13 13:29:38,49.2,3100,buy,2026-02-13_132938_492000_3100,13/02/2026,VGC,850.0,720500,35186065000.0
2026-02-13 13:29:44,49.2,2000,sell,2026-02-13_132944_492000_2000,13/02/2026,VGC,850.0,722500,35284465000.0
2026-02-13 13:29:47,49.3,600,buy,2026-02-13_132947_493000_600,13/02/2026,VGC,950.0,723100,35314045000.0
2026-02-13 13:30:18,49.3,300,buy,2026-02-13_133018_493000_300,13/02/2026,VGC,950.0,723400,35328835000.0
2026-02-13 13:30:25,49.3,900,buy,2026-02-13_133025_493000_900,13/02/2026,VGC,950.0,724300,35373205000.0
2026-02-13 13:30:52,49.3,1200,sell,2026-02-13_133052_493000_1200,13/02/2026,VGC,950.0,725500,35432365000.0
2026-02-13 13:31:01,49.3,500,sell,2026-02-13_133101_493000_500,13/02/2026,VGC,950.0,726000,35457015000.0
2026-02-13 13:31:12,49.3,900,sell,2026-02-13_133112_493000_900,13/02/2026,VGC,950.0,726900,35501385000.0
2026-02-13 13:32:08,49.3,100,buy,2026-02-13_133208_493000_100,13/02/2026,VGC,950.0,727000,35506315000.0
2026-02-13 13:32:10,49.3,500,buy,2026-02-13_133210_493000_500,13/02/2026,VGC,950.0,727500,35530965000.0
2026-02-13 13:32:35,49.3,200,buy,2026-02-13_133235_493000_200,13/02/2026,VGC,950.0,727700,35540825000.0
2026-02-13 13:33:05,49.3,100,buy,2026-02-13_133305_493000_100,13/02/2026,VGC,950.0,727800,35545755000.0
2026-02-13 13:33:11,49.3,500,buy,2026-02-13_133311_493000_500,13/02/2026,VGC,950.0,728300,35570405000.0
2026-02-13 13:33:23,49.25,100,sell,2026-02-13_133323_492500_100,13/02/2026,VGC,900.0,728400,35575330000.0
2026-02-13 13:34:00,49.25,300,sell,2026-02-13_133400_492500_300,13/02/2026,VGC,900.0,728700,35590105000.0
2026-02-13 13:34:04,49.25,400,buy,2026-02-13_133404_492500_400,13/02/2026,VGC,900.0,729100,35609805000.0
2026-02-13 13:34:43,49.25,200,sell,2026-02-13_133443_492500_200,13/02/2026,VGC,900.0,729300,35619655000.0
2026-02-13 13:34:44,49.3,1000,buy,2026-02-13_133444_493000_1000,13/02/2026,VGC,950.0,730300,35668955000.0
2026-02-13 13:34:53,49.3,300,buy,2026-02-13_133453_493000_300,13/02/2026,VGC,950.0,730600,35683745000.0
2026-02-13 13:35:02,49.35,100,buy,2026-02-13_133502_493500_100,13/02/2026,VGC,1000.0,730700,35688680000.0
2026-02-13 13:35:21,49.35,700,buy,2026-02-13_133521_493500_700,13/02/2026,VGC,1000.0,731400,35723225000.0
2026-02-13 13:35:37,49.35,1100,buy,2026-02-13_133537_493500_1100,13/02/2026,VGC,1000.0,733000,35802160000.0
2026-02-13 13:35:37,49.3,500,sell,2026-02-13_133537_493000_500,13/02/2026,VGC,950.0,731900,35747875000.0
2026-02-13 13:35:51,49.35,1000,buy,2026-02-13_133551_493500_1000,13/02/2026,VGC,1000.0,734000,35851510000.0
2026-02-13 13:36:15,49.35,3800,buy,2026-02-13_133615_493500_3800,13/02/2026,VGC,1000.0,737800,36039040000.0
2026-02-13 13:36:20,49.35,500,buy,2026-02-13_133620_493500_500,13/02/2026,VGC,1000.0,738300,36063715000.0
2026-02-13 13:36:25,49.35,100,buy,2026-02-13_133625_493500_100,13/02/2026,VGC,1000.0,738400,36068650000.0
2026-02-13 13:36:28,49.35,300,buy,2026-02-13_133628_493500_300,13/02/2026,VGC,1000.0,738700,36083455000.0
2026-02-13 13:36:31,49.35,200,buy,2026-02-13_133631_493500_200,13/02/2026,VGC,1000.0,738900,36093325000.0
2026-02-13 13:36:42,49.3,2500,sell,2026-02-13_133642_493000_2500,13/02/2026,VGC,950.0,741400,36216575000.0
2026-02-13 13:36:59,49.3,200,sell,2026-02-13_133659_493000_200,13/02/2026,VGC,950.0,741600,36226435000.0
2026-02-13 13:37:00,49.35,2400,buy,2026-02-13_133700_493500_2400,13/02/2026,VGC,1000.0,744000,36344875000.0
2026-02-13 13:37:10,49.35,500,buy,2026-02-13_133710_493500_500,13/02/2026,VGC,1000.0,744500,36369550000.0
2026-02-13 13:37:18,49.35,500,buy,2026-02-13_133718_493500_500,13/02/2026,VGC,1000.0,745000,36394225000.0
2026-02-13 13:37:41,49.35,2000,buy,2026-02-13_133741_493500_2000,13/02/2026,VGC,1000.0,747000,36492925000.0
2026-02-13 13:37:57,49.35,2000,buy,2026-02-13_133757_493500_2000,13/02/2026,VGC,1000.0,749000,36591625000.0
2026-02-13 13:38:00,49.35,500,buy,2026-02-13_133800_493500_500,13/02/2026,VGC,1000.0,749500,36616300000.0
2026-02-13 13:38:06,49.35,400,buy,2026-02-13_133806_493500_400,13/02/2026,VGC,1000.0,749900,36636040000.0
2026-02-13 13:38:19,49.35,100,buy,2026-02-13_133819_493500_100,13/02/2026,VGC,1000.0,750000,36640975000.0
2026-02-13 13:38:47,49.35,100,sell,2026-02-13_133847_493500_100,13/02/2026,VGC,1000.0,750100,36645910000.0
2026-02-13 13:39:07,49.35,1000,sell,2026-02-13_133907_493500_1000,13/02/2026,VGC,1000.0,751100,36695260000.0
2026-02-13 13:39:21,49.3,400,sell,2026-02-13_133921_493000_400,13/02/2026,VGC,950.0,751500,36714980000.0
2026-02-13 13:39:22,49.3,8400,sell,2026-02-13_133922_493000_8400,13/02/2026,VGC,950.0,759900,37129100000.0
2026-02-13 13:39:36,49.3,1000,sell,2026-02-13_133936_493000_1000,13/02/2026,VGC,950.0,760900,37178400000.0
2026-02-13 13:39:50,49.35,500,buy,2026-02-13_133950_493500_500,13/02/2026,VGC,1000.0,761400,37203075000.0
2026-02-13 13:39:56,49.35,200,buy,2026-02-13_133956_493500_200,13/02/2026,VGC,1000.0,761600,37212945000.0
2026-02-13 13:39:58,49.3,100,sell,2026-02-13_133958_493000_100,13/02/2026,VGC,950.0,761700,37217875000.0
2026-02-13 13:40:10,49.3,2000,sell,2026-02-13_134010_493000_2000,13/02/2026,VGC,950.0,763700,37316475000.0
2026-02-13 13:40:53,49.3,300,buy,2026-02-13_134053_493000_300,13/02/2026,VGC,950.0,764000,37331265000.0
2026-02-13 13:41:26,49.3,100,buy,2026-02-13_134126_493000_100,13/02/2026,VGC,950.0,764100,37336195000.0
2026-02-13 13:41:45,49.3,100,buy,2026-02-13_134145_493000_100,13/02/2026,VGC,950.0,764200,37341125000.0
2026-02-13 13:41:48,49.3,100,buy,2026-02-13_134148_493000_100,13/02/2026,VGC,950.0,764300,37346055000.0
2026-02-13 13:42:02,49.3,100,buy,2026-02-13_134202_493000_100,13/02/2026,VGC,950.0,764400,37350985000.0
2026-02-13 13:42:02,49.25,500,sell,2026-02-13_134202_492500_500,13/02/2026,VGC,900.0,764900,37375610000.0
2026-02-13 13:42:04,49.3,100,buy,2026-02-13_134204_493000_100,13/02/2026,VGC,950.0,765000,37380540000.0
2026-02-13 13:42:18,49.3,100,buy,2026-02-13_134218_493000_100,13/02/2026,VGC,950.0,765100,37385470000.0
2026-02-13 13:42:28,49.3,500,buy,2026-02-13_134228_493000_500,13/02/2026,VGC,950.0,765600,37410120000.0
2026-02-13 13:42:41,49.25,5000,sell,2026-02-13_134241_492500_5000,13/02/2026,VGC,900.0,770600,37656370000.0
2026-02-13 13:42:44,49.3,2900,buy,2026-02-13_134244_493000_2900,13/02/2026,VGC,950.0,773500,37799340000.0
2026-02-13 13:43:08,49.3,500,sell,2026-02-13_134308_493000_500,13/02/2026,VGC,950.0,774000,37823990000.0
2026-02-13 13:43:13,49.3,800,sell,2026-02-13_134313_493000_800,13/02/2026,VGC,950.0,774800,37863430000.0
2026-02-13 13:43:16,49.3,200,buy,2026-02-13_134316_493000_200,13/02/2026,VGC,950.0,775000,37873290000.0
2026-02-13 13:43:29,49.3,3000,sell,2026-02-13_134329_493000_3000,13/02/2026,VGC,950.0,778000,38021190000.0
2026-02-13 13:43:46,49.3,200,sell,2026-02-13_134346_493000_200,13/02/2026,VGC,950.0,778200,38031050000.0
2026-02-13 13:44:18,49.3,1100,sell,2026-02-13_134418_493000_1100,13/02/2026,VGC,950.0,779300,38085280000.0
2026-02-13 13:44:39,49.35,1000,buy,2026-02-13_134439_493500_1000,13/02/2026,VGC,1000.0,780300,38134630000.0
2026-02-13 13:44:42,49.3,500,sell,2026-02-13_134442_493000_500,13/02/2026,VGC,950.0,780800,38159280000.0
2026-02-13 13:44:43,49.35,1000,buy,2026-02-13_134443_493500_1000,13/02/2026,VGC,1000.0,781800,38208630000.0
2026-02-13 13:44:48,49.35,500,buy,2026-02-13_134448_493500_500,13/02/2026,VGC,1000.0,782300,38233305000.0
2026-02-13 13:44:56,49.35,1500,buy,2026-02-13_134456_493500_1500,13/02/2026,VGC,1000.0,783800,38307330000.0
2026-02-13 13:44:59,49.35,600,buy,2026-02-13_134459_493500_600,13/02/2026,VGC,1000.0,784400,38336940000.0
2026-02-13 13:45:09,49.35,900,sell,2026-02-13_134509_493500_900,13/02/2026,VGC,1000.0,785300,38381355000.0
2026-02-13 13:45:33,49.35,1300,sell,2026-02-13_134533_493500_1300,13/02/2026,VGC,1000.0,786600,38445510000.0
2026-02-13 13:45:40,49.4,2300,buy,2026-02-13_134540_494000_2300,13/02/2026,VGC,1050.0,788900,38559130000.0
2026-02-13 13:46:05,49.4,1000,buy,2026-02-13_134605_494000_1000,13/02/2026,VGC,1050.0,789900,38608530000.0
2026-02-13 13:46:08,49.4,800,buy,2026-02-13_134608_494000_800,13/02/2026,VGC,1050.0,790700,38648050000.0
2026-02-13 13:46:08,49.4,200,sell,2026-02-13_134608_494000_200,13/02/2026,VGC,1050.0,790900,38657930000.0
2026-02-13 13:46:11,49.4,400,buy,2026-02-13_134611_494000_400,13/02/2026,VGC,1050.0,791300,38677690000.0
2026-02-13 13:46:25,49.4,1000,buy,2026-02-13_134625_494000_1000,13/02/2026,VGC,1050.0,792300,38727090000.0
2026-02-13 13:46:38,49.4,1900,buy,2026-02-13_134638_494000_1900,13/02/2026,VGC,1050.0,794200,38820950000.0
2026-02-13 13:46:59,49.4,200,sell,2026-02-13_134659_494000_200,13/02/2026,VGC,1050.0,794400,38830830000.0
2026-02-13 13:47:18,49.45,1000,buy,2026-02-13_134718_494500_1000,13/02/2026,VGC,1100.0,795400,38880280000.0
2026-02-13 13:47:20,49.4,1000,sell,2026-02-13_134720_494000_1000,13/02/2026,VGC,1050.0,796400,38929680000.0
2026-02-13 13:48:11,49.4,3000,sell,2026-02-13_134811_494000_3000,13/02/2026,VGC,1050.0,799400,39077880000.0
2026-02-13 13:48:18,49.4,200,sell,2026-02-13_134818_494000_200,13/02/2026,VGC,1050.0,799600,39087760000.0
2026-02-13 13:48:28,49.4,100,sell,2026-02-13_134828_494000_100,13/02/2026,VGC,1050.0,799700,39092700000.0
2026-02-13 13:48:40,49.4,1000,sell,2026-02-13_134840_494000_1000,13/02/2026,VGC,1050.0,800700,39142100000.0
2026-02-13 13:48:42,49.4,3300,sell,2026-02-13_134842_494000_3300,13/02/2026,VGC,1050.0,804000,39305120000.0
2026-02-13 13:48:44,49.45,1000,buy,2026-02-13_134844_494500_1000,13/02/2026,VGC,1100.0,805000,39354570000.0
2026-02-13 13:48:50,49.45,200,buy,2026-02-13_134850_494500_200,13/02/2026,VGC,1100.0,805200,39364460000.0
2026-02-13 13:49:06,49.45,200,buy,2026-02-13_134906_494500_200,13/02/2026,VGC,1100.0,805400,39374350000.0
2026-02-13 13:49:30,49.4,1000,sell,2026-02-13_134930_494000_1000,13/02/2026,VGC,1050.0,806400,39423750000.0
2026-02-13 13:49:37,49.4,1500,sell,2026-02-13_134937_494000_1500,13/02/2026,VGC,1050.0,807900,39497850000.0
2026-02-13 13:49:43,49.45,100,buy,2026-02-13_134943_494500_100,13/02/2026,VGC,1100.0,808000,39502795000.0
2026-02-13 13:49:49,49.4,200,sell,2026-02-13_134949_494000_200,13/02/2026,VGC,1050.0,808200,39512675000.0
2026-02-13 13:50:01,49.4,100,sell,2026-02-13_135001_494000_100,13/02/2026,VGC,1050.0,808300,39517615000.0
2026-02-13 13:50:09,49.4,100,sell,2026-02-13_135009_494000_100,13/02/2026,VGC,1050.0,808400,39522555000.0
2026-02-13 13:50:11,49.4,100,buy,2026-02-13_135011_494000_100,13/02/2026,VGC,1050.0,808500,39527495000.0
2026-02-13 13:50:12,49.35,14400,sell,2026-02-13_135012_493500_14400,13/02/2026,VGC,1000.0,822900,40238135000.0
2026-02-13 13:50:29,49.35,400,buy,2026-02-13_135029_493500_400,13/02/2026,VGC,1000.0,823300,40257875000.0
2026-02-13 13:50:31,49.35,100,buy,2026-02-13_135031_493500_100,13/02/2026,VGC,1000.0,823400,40262810000.0
2026-02-13 13:50:39,49.35,200,buy,2026-02-13_135039_493500_200,13/02/2026,VGC,1000.0,823600,40272680000.0
2026-02-13 13:50:43,49.35,900,buy,2026-02-13_135043_493500_900,13/02/2026,VGC,1000.0,824500,40317095000.0
2026-02-13 13:50:44,49.35,100,buy,2026-02-13_135044_493500_100,13/02/2026,VGC,1000.0,824600,40322030000.0
2026-02-13 13:50:54,49.35,300,buy,2026-02-13_135054_493500_300,13/02/2026,VGC,1000.0,824900,40336835000.0
2026-02-13 13:51:04,49.35,100,buy,2026-02-13_135104_493500_100,13/02/2026,VGC,1000.0,825000,40341770000.0
2026-02-13 13:51:20,49.35,1000,buy,2026-02-13_135120_493500_1000,13/02/2026,VGC,1000.0,826000,40391120000.0
2026-02-13 13:51:23,49.35,100,buy,2026-02-13_135123_493500_100,13/02/2026,VGC,1000.0,826100,40396055000.0
2026-02-13 13:51:44,49.35,1900,buy,2026-02-13_135144_493500_1900,13/02/2026,VGC,1000.0,828200,40499690000.0
2026-02-13 13:51:44,49.35,200,buy,2026-02-13_135144_493500_200,13/02/2026,VGC,1000.0,826300,40405925000.0
2026-02-13 13:52:02,49.4,1700,buy,2026-02-13_135202_494000_1700,13/02/2026,VGC,1050.0,829900,40583670000.0
2026-02-13 13:52:05,49.45,2000,buy,2026-02-13_135205_494500_2000,13/02/2026,VGC,1100.0,831900,40682570000.0
2026-02-13 13:52:28,49.45,200,buy,2026-02-13_135228_494500_200,13/02/2026,VGC,1100.0,832100,40692460000.0
2026-02-13 13:52:38,49.45,2000,buy,2026-02-13_135238_494500_2000,13/02/2026,VGC,1100.0,834100,40791360000.0
2026-02-13 13:52:40,49.45,700,buy,2026-02-13_135240_494500_700,13/02/2026,VGC,1100.0,834800,40825975000.0
2026-02-13 13:52:49,49.45,200,sell,2026-02-13_135249_494500_200,13/02/2026,VGC,1100.0,835000,40835865000.0
2026-02-13 13:53:04,49.45,1000,sell,2026-02-13_135304_494500_1000,13/02/2026,VGC,1100.0,836000,40885315000.0
2026-02-13 13:53:10,49.5,4000,buy,2026-02-13_135310_495000_4000,13/02/2026,VGC,1150.0,840000,41083315000.0
2026-02-13 13:53:19,49.5,1000,buy,2026-02-13_135319_495000_1000,13/02/2026,VGC,1150.0,841000,41132815000.0
2026-02-13 13:53:21,49.5,2200,buy,2026-02-13_135321_495000_2200,13/02/2026,VGC,1150.0,843200,41241715000.0
2026-02-13 13:53:36,49.5,5000,buy,2026-02-13_135336_495000_5000,13/02/2026,VGC,1150.0,848200,41489215000.0
2026-02-13 13:53:49,49.5,2000,buy,2026-02-13_135349_495000_2000,13/02/2026,VGC,1150.0,850200,41588215000.0
2026-02-13 13:53:50,49.5,1000,buy,2026-02-13_135350_495000_1000,13/02/2026,VGC,1150.0,851200,41637715000.0
2026-02-13 13:53:53,49.5,400,buy,2026-02-13_135353_495000_400,13/02/2026,VGC,1150.0,851600,41657515000.0
2026-02-13 13:53:54,49.5,2400,buy,2026-02-13_135354_495000_2400,13/02/2026,VGC,1150.0,854000,41776315000.0
2026-02-13 13:53:54,49.7,2500,buy,2026-02-13_135354_497000_2500,13/02/2026,VGC,1350.0,857600,41955130000.0
2026-02-13 13:53:54,49.65,400,buy,2026-02-13_135354_496500_400,13/02/2026,VGC,1300.0,855100,41830880000.0
2026-02-13 13:53:54,49.6,400,buy,2026-02-13_135354_496000_400,13/02/2026,VGC,1250.0,854700,41811020000.0
2026-02-13 13:53:54,49.55,300,buy,2026-02-13_135354_495500_300,13/02/2026,VGC,1200.0,854300,41791180000.0
2026-02-13 13:54:04,49.7,100,buy,2026-02-13_135404_497000_100,13/02/2026,VGC,1350.0,857700,41960100000.0
2026-02-13 13:54:11,49.75,600,buy,2026-02-13_135411_497500_600,13/02/2026,VGC,1400.0,860700,42109230000.0
2026-02-13 13:54:11,49.7,2400,buy,2026-02-13_135411_497000_2400,13/02/2026,VGC,1350.0,860100,42079380000.0
2026-02-13 13:54:22,49.75,100,buy,2026-02-13_135422_497500_100,13/02/2026,VGC,1400.0,860800,42114205000.0
2026-02-13 13:54:24,49.75,400,sell,2026-02-13_135424_497500_400,13/02/2026,VGC,1400.0,861200,42134105000.0
2026-02-13 13:54:29,49.8,10300,buy,2026-02-13_135429_498000_10300,13/02/2026,VGC,1450.0,872200,42681870000.0
2026-02-13 13:54:29,49.75,700,buy,2026-02-13_135429_497500_700,13/02/2026,VGC,1400.0,861900,42168930000.0
2026-02-13 13:54:30,49.8,100,buy,2026-02-13_135430_498000_100,13/02/2026,VGC,1450.0,872300,42686850000.0
2026-02-13 13:54:31,49.8,100,buy,2026-02-13_135431_498000_100,13/02/2026,VGC,1450.0,872400,42691830000.0
2026-02-13 13:54:36,49.75,3000,sell,2026-02-13_135436_497500_3000,13/02/2026,VGC,1400.0,875400,42841080000.0
2026-02-13 13:54:37,49.75,200,buy,2026-02-13_135437_497500_200,13/02/2026,VGC,1400.0,875600,42851030000.0
2026-02-13 13:54:40,49.75,800,buy,2026-02-13_135440_497500_800,13/02/2026,VGC,1400.0,876400,42890830000.0
2026-02-13 13:54:52,49.75,100,sell,2026-02-13_135452_497500_100,13/02/2026,VGC,1400.0,876500,42895805000.0
2026-02-13 13:54:54,49.8,3500,buy,2026-02-13_135454_498000_3500,13/02/2026,VGC,1450.0,880000,43070105000.0
2026-02-13 13:55:06,49.85,400,buy,2026-02-13_135506_498500_400,13/02/2026,VGC,1500.0,883800,43259365000.0
2026-02-13 13:55:06,49.95,1300,buy,2026-02-13_135506_499500_1300,13/02/2026,VGC,1600.0,889200,43528890000.0
2026-02-13 13:55:06,49.8,3400,buy,2026-02-13_135506_498000_3400,13/02/2026,VGC,1450.0,883400,43239425000.0
2026-02-13 13:55:06,50.0,800,buy,2026-02-13_135506_500000_800,13/02/2026,VGC,1650.0,890000,43568890000.0
2026-02-13 13:55:06,49.9,4100,buy,2026-02-13_135506_499000_4100,13/02/2026,VGC,1550.0,887900,43463955000.0
2026-02-13 13:55:15,50.0,100,buy,2026-02-13_135515_500000_100,13/02/2026,VGC,1650.0,890100,43573890000.0
2026-02-13 13:55:16,50.0,800,buy,2026-02-13_135516_500000_800,13/02/2026,VGC,1650.0,890900,43613890000.0
2026-02-13 13:55:17,50.0,100,buy,2026-02-13_135517_500000_100,13/02/2026,VGC,1650.0,891000,43618890000.0
2026-02-13 13:55:19,50.0,2500,buy,2026-02-13_135519_500000_2500,13/02/2026,VGC,1650.0,893500,43743890000.0
2026-02-13 13:55:22,49.9,2000,buy,2026-02-13_135522_499000_2000,13/02/2026,VGC,1550.0,895500,43843690000.0
2026-02-13 13:55:27,49.95,200,buy,2026-02-13_135527_499500_200,13/02/2026,VGC,1600.0,895700,43853680000.0
2026-02-13 13:55:27,50.0,1800,buy,2026-02-13_135527_500000_1800,13/02/2026,VGC,1650.0,897500,43943680000.0
2026-02-13 13:55:42,49.95,200,buy,2026-02-13_135542_499500_200,13/02/2026,VGC,1600.0,897700,43953670000.0
2026-02-13 13:55:42,50.0,2400,buy,2026-02-13_135542_500000_2400,13/02/2026,VGC,1650.0,900100,44073670000.0
2026-02-13 13:55:48,49.95,100,sell,2026-02-13_135548_499500_100,13/02/2026,VGC,1600.0,900200,44078665000.0
2026-02-13 13:55:48,49.9,800,sell,2026-02-13_135548_499000_800,13/02/2026,VGC,1550.0,901000,44118585000.0
2026-02-13 13:55:49,49.9,100,buy,2026-02-13_135549_499000_100,13/02/2026,VGC,1550.0,901100,44123575000.0
2026-02-13 13:55:49,49.9,1000,buy,2026-02-13_135549_499000_1000,13/02/2026,VGC,1550.0,902100,44173475000.0
2026-02-13 13:55:50,49.95,4100,buy,2026-02-13_135550_499500_4100,13/02/2026,VGC,1600.0,906200,44378270000.0
2026-02-13 13:55:50,49.95,300,buy,2026-02-13_135550_499500_300,13/02/2026,VGC,1600.0,906500,44393255000.0
2026-02-13 13:55:51,49.95,1000,buy,2026-02-13_135551_499500_1000,13/02/2026,VGC,1600.0,907500,44443205000.0
2026-02-13 13:55:57,49.95,2000,buy,2026-02-13_135557_499500_2000,13/02/2026,VGC,1600.0,909500,44543105000.0
2026-02-13 13:56:01,49.95,1000,buy,2026-02-13_135601_499500_1000,13/02/2026,VGC,1600.0,910500,44593055000.0
2026-02-13 13:56:03,49.95,1400,buy,2026-02-13_135603_499500_1400,13/02/2026,VGC,1600.0,911900,44662985000.0
2026-02-13 13:56:06,49.95,3400,buy,2026-02-13_135606_499500_3400,13/02/2026,VGC,1600.0,915300,44832815000.0
2026-02-13 13:56:07,49.95,100,sell,2026-02-13_135607_499500_100,13/02/2026,VGC,1600.0,915400,44837810000.0
2026-02-13 13:56:10,50.0,2000,buy,2026-02-13_135610_500000_2000,13/02/2026,VGC,1650.0,917400,44937810000.0
2026-02-13 13:56:11,50.0,1000,buy,2026-02-13_135611_500000_1000,13/02/2026,VGC,1650.0,918400,44987810000.0
2026-02-13 13:56:14,50.0,2000,buy,2026-02-13_135614_500000_2000,13/02/2026,VGC,1650.0,920400,45087810000.0
2026-02-13 13:56:16,50.0,100,buy,2026-02-13_135616_500000_100,13/02/2026,VGC,1650.0,920500,45092810000.0
2026-02-13 13:56:17,50.0,1000,buy,2026-02-13_135617_500000_1000,13/02/2026,VGC,1650.0,921500,45142810000.0
2026-02-13 13:56:19,50.0,1000,buy,2026-02-13_135619_500000_1000,13/02/2026,VGC,1650.0,922500,45192810000.0
2026-02-13 13:56:26,50.0,1000,buy,2026-02-13_135626_500000_1000,13/02/2026,VGC,1650.0,923500,45242810000.0
2026-02-13 13:56:31,50.0,1000,buy,2026-02-13_135631_500000_1000,13/02/2026,VGC,1650.0,924700,45302810000.0
2026-02-13 13:56:31,50.0,200,buy,2026-02-13_135631_500000_200,13/02/2026,VGC,1650.0,923700,45252810000.0
2026-02-13 13:56:33,50.0,2000,buy,2026-02-13_135633_500000_2000,13/02/2026,VGC,1650.0,926700,45402810000.0
2026-02-13 13:56:37,50.0,1700,buy,2026-02-13_135637_500000_1700,13/02/2026,VGC,1650.0,928400,45487810000.0
2026-02-13 13:56:40,50.0,100,buy,2026-02-13_135640_500000_100,13/02/2026,VGC,1650.0,928500,45492810000.0
2026-02-13 13:56:44,50.0,600,buy,2026-02-13_135644_500000_600,13/02/2026,VGC,1650.0,929100,45522810000.0
2026-02-13 13:56:49,50.1,1000,buy,2026-02-13_135649_501000_1000,13/02/2026,VGC,1750.0,930100,45572910000.0
2026-02-13 13:57:00,50.2,1000,buy,2026-02-13_135700_502000_1000,13/02/2026,VGC,1850.0,931100,45623110000.0
2026-02-13 13:57:01,50.2,100,buy,2026-02-13_135701_502000_100,13/02/2026,VGC,1850.0,931200,45628130000.0
2026-02-13 13:57:11,50.2,200,buy,2026-02-13_135711_502000_200,13/02/2026,VGC,1850.0,931400,45638170000.0
2026-02-13 13:57:11,50.2,900,buy,2026-02-13_135711_502000_900,13/02/2026,VGC,1850.0,932300,45683350000.0
2026-02-13 13:57:17,50.2,800,sell,2026-02-13_135717_502000_800,13/02/2026,VGC,1850.0,933100,45723510000.0
2026-02-13 13:57:21,50.2,200,sell,2026-02-13_135721_502000_200,13/02/2026,VGC,1850.0,933300,45733550000.0
2026-02-13 13:57:25,50.2,1000,sell,2026-02-13_135725_502000_1000,13/02/2026,VGC,1850.0,934300,45783750000.0
2026-02-13 13:57:26,50.2,1900,sell,2026-02-13_135726_502000_1900,13/02/2026,VGC,1850.0,936200,45879130000.0
2026-02-13 13:57:27,50.2,100,buy,2026-02-13_135727_502000_100,13/02/2026,VGC,1850.0,936300,45884150000.0
2026-02-13 13:57:29,50.3,1900,buy,2026-02-13_135729_503000_1900,13/02/2026,VGC,1950.0,939100,46024900000.0
2026-02-13 13:57:29,50.2,900,buy,2026-02-13_135729_502000_900,13/02/2026,VGC,1850.0,937200,45929330000.0
2026-02-13 13:57:33,50.3,600,buy,2026-02-13_135733_503000_600,13/02/2026,VGC,1950.0,939700,46055080000.0
2026-02-13 13:57:34,50.2,100,buy,2026-02-13_135734_502000_100,13/02/2026,VGC,1850.0,939800,46060100000.0
2026-02-13 13:57:34,50.2,2700,buy,2026-02-13_135734_502000_2700,13/02/2026,VGC,1850.0,942500,46195640000.0
2026-02-13 13:57:36,50.2,4700,sell,2026-02-13_135736_502000_4700,13/02/2026,VGC,1850.0,947200,46431580000.0
2026-02-13 13:57:50,50.2,3000,sell,2026-02-13_135750_502000_3000,13/02/2026,VGC,1850.0,950200,46582180000.0
2026-02-13 13:57:50,50.2,200,sell,2026-02-13_135750_502000_200,13/02/2026,VGC,1850.0,950400,46592220000.0
2026-02-13 13:57:51,50.2,100,sell,2026-02-13_135751_502000_100,13/02/2026,VGC,1850.0,950500,46597240000.0
2026-02-13 13:57:52,50.1,4400,sell,2026-02-13_135752_501000_4400,13/02/2026,VGC,1750.0,954900,46817680000.0
2026-02-13 13:57:52,50.2,100,buy,2026-02-13_135752_502000_100,13/02/2026,VGC,1850.0,955000,46822700000.0
2026-02-13 13:58:01,50.1,100,sell,2026-02-13_135801_501000_100,13/02/2026,VGC,1750.0,955100,46827710000.0
2026-02-13 13:58:03,50.2,1800,buy,2026-02-13_135803_502000_1800,13/02/2026,VGC,1850.0,956900,46918070000.0
2026-02-13 13:58:04,50.2,1000,buy,2026-02-13_135804_502000_1000,13/02/2026,VGC,1850.0,957900,46968270000.0
2026-02-13 13:58:19,50.1,2000,buy,2026-02-13_135819_501000_2000,13/02/2026,VGC,1750.0,959900,47068470000.0
2026-02-13 13:58:22,50.1,1200,buy,2026-02-13_135822_501000_1200,13/02/2026,VGC,1750.0,961100,47128590000.0
2026-02-13 13:58:23,50.0,1200,sell,2026-02-13_135823_500000_1200,13/02/2026,VGC,1650.0,962300,47188590000.0
2026-02-13 13:58:24,50.1,2700,buy,2026-02-13_135824_501000_2700,13/02/2026,VGC,1750.0,965000,47323860000.0
2026-02-13 13:58:25,50.1,100,sell,2026-02-13_135825_501000_100,13/02/2026,VGC,1750.0,965100,47328870000.0
2026-02-13 13:58:46,50.1,200,sell,2026-02-13_135846_501000_200,13/02/2026,VGC,1750.0,965300,47338890000.0
2026-02-13 13:58:48,50.1,3000,sell,2026-02-13_135848_501000_3000,13/02/2026,VGC,1750.0,968300,47489190000.0
2026-02-13 13:58:51,50.1,2900,sell,2026-02-13_135851_501000_2900,13/02/2026,VGC,1750.0,971200,47634480000.0
2026-02-13 13:58:56,50.1,500,sell,2026-02-13_135856_501000_500,13/02/2026,VGC,1750.0,971700,47659530000.0
2026-02-13 13:58:57,50.2,5500,buy,2026-02-13_135857_502000_5500,13/02/2026,VGC,1850.0,977200,47935630000.0
2026-02-13 13:59:08,50.2,100,sell,2026-02-13_135908_502000_100,13/02/2026,VGC,1850.0,977300,47940650000.0
2026-02-13 13:59:14,50.2,100,sell,2026-02-13_135914_502000_100,13/02/2026,VGC,1850.0,977400,47945670000.0
2026-02-13 13:59:17,50.2,200,buy,2026-02-13_135917_502000_200,13/02/2026,VGC,1850.0,977600,47955710000.0
2026-02-13 13:59:17,50.2,300,buy,2026-02-13_135917_502000_300,13/02/2026,VGC,1850.0,977900,47970770000.0
2026-02-13 13:59:24,50.2,3500,buy,2026-02-13_135924_502000_3500,13/02/2026,VGC,1850.0,981400,48146470000.0
2026-02-13 13:59:25,50.2,500,sell,2026-02-13_135925_502000_500,13/02/2026,VGC,1850.0,981900,48171570000.0
2026-02-13 13:59:30,50.2,4000,sell,2026-02-13_135930_502000_4000,13/02/2026,VGC,1850.0,987900,48472970000.0
2026-02-13 13:59:30,50.3,2000,buy,2026-02-13_135930_503000_2000,13/02/2026,VGC,1950.0,983900,48272170000.0
2026-02-13 13:59:34,50.3,300,buy,2026-02-13_135934_503000_300,13/02/2026,VGC,1950.0,988200,48488060000.0
2026-02-13 13:59:36,50.2,100,sell,2026-02-13_135936_502000_100,13/02/2026,VGC,1850.0,988500,48503140000.0
2026-02-13 13:59:36,50.3,200,sell,2026-02-13_135936_503000_200,13/02/2026,VGC,1950.0,988400,48498120000.0
2026-02-13 13:59:37,50.2,1000,sell,2026-02-13_135937_502000_1000,13/02/2026,VGC,1850.0,989500,48553340000.0
2026-02-13 13:59:41,50.3,1000,buy,2026-02-13_135941_503000_1000,13/02/2026,VGC,1950.0,990500,48603640000.0
2026-02-13 13:59:50,50.3,200,sell,2026-02-13_135950_503000_200,13/02/2026,VGC,1950.0,990700,48613700000.0
2026-02-13 13:59:53,50.3,1300,sell,2026-02-13_135953_503000_1300,13/02/2026,VGC,1950.0,992000,48679090000.0
2026-02-13 13:59:53,50.3,200,buy,2026-02-13_135953_503000_200,13/02/2026,VGC,1950.0,992200,48689150000.0
2026-02-13 13:59:53,50.3,100,sell,2026-02-13_135953_503000_100,13/02/2026,VGC,1950.0,992300,48694180000.0
2026-02-13 13:59:56,50.4,3600,buy,2026-02-13_135956_504000_3600,13/02/2026,VGC,2050.0,995900,48875620000.0
2026-02-13 13:59:58,50.4,500,buy,2026-02-13_135958_504000_500,13/02/2026,VGC,2050.0,996400,48900820000.0
2026-02-13 13:59:59,50.4,200,buy,2026-02-13_135959_504000_200,13/02/2026,VGC,2050.0,996600,48910900000.0
2026-02-13 14:00:00,50.4,200,buy,2026-02-13_140000_504000_200,13/02/2026,VGC,2050.0,996800,48920980000.0
2026-02-13 14:00:01,50.4,900,buy,2026-02-13_140001_504000_900,13/02/2026,VGC,2050.0,997700,48966340000.0
2026-02-13 14:00:06,50.5,1500,buy,2026-02-13_140006_505000_1500,13/02/2026,VGC,2150.0,999200,49042090000.0
2026-02-13 14:00:11,50.4,500,sell,2026-02-13_140011_504000_500,13/02/2026,VGC,2050.0,999700,49067290000.0
2026-02-13 14:00:12,50.5,2500,buy,2026-02-13_140012_505000_2500,13/02/2026,VGC,2150.0,1002200,49193540000.0
2026-02-13 14:00:13,50.5,2000,buy,2026-02-13_140013_505000_2000,13/02/2026,VGC,2150.0,1004400,49304640000.0
2026-02-13 14:00:13,50.5,200,buy,2026-02-13_140013_505000_200,13/02/2026,VGC,2150.0,1002400,49203640000.0
2026-02-13 14:00:17,50.5,3900,buy,2026-02-13_140017_505000_3900,13/02/2026,VGC,2150.0,1008300,49501590000.0
2026-02-13 14:00:19,50.5,100,sell,2026-02-13_140019_505000_100,13/02/2026,VGC,2150.0,1008400,49506640000.0
2026-02-13 14:00:20,50.5,100,sell,2026-02-13_140020_505000_100,13/02/2026,VGC,2150.0,1008500,49511690000.0
2026-02-13 14:00:21,50.6,4500,buy,2026-02-13_140021_506000_4500,13/02/2026,VGC,2250.0,1013000,49739390000.0
2026-02-13 14:00:22,50.6,500,buy,2026-02-13_140022_506000_500,13/02/2026,VGC,2250.0,1013500,49764690000.0
2026-02-13 14:00:25,50.6,500,buy,2026-02-13_140025_506000_500,13/02/2026,VGC,2250.0,1014000,49789990000.0
2026-02-13 14:00:26,50.6,200,buy,2026-02-13_140026_506000_200,13/02/2026,VGC,2250.0,1014200,49800110000.0
2026-02-13 14:00:31,50.6,100,sell,2026-02-13_140031_506000_100,13/02/2026,VGC,2250.0,1014300,49805170000.0
2026-02-13 14:00:35,50.7,100,buy,2026-02-13_140035_507000_100,13/02/2026,VGC,2350.0,1014400,49810240000.0
2026-02-13 14:00:36,50.7,100,buy,2026-02-13_140036_507000_100,13/02/2026,VGC,2350.0,1014500,49815310000.0
2026-02-13 14:00:40,50.6,1000,sell,2026-02-13_140040_506000_1000,13/02/2026,VGC,2250.0,1015500,49865910000.0
2026-02-13 14:00:42,50.7,100,buy,2026-02-13_140042_507000_100,13/02/2026,VGC,2350.0,1015600,49870980000.0
2026-02-13 14:00:44,50.7,300,buy,2026-02-13_140044_507000_300,13/02/2026,VGC,2350.0,1015900,49886190000.0
2026-02-13 14:00:45,50.7,1700,buy,2026-02-13_140045_507000_1700,13/02/2026,VGC,2350.0,1017600,49972380000.0
2026-02-13 14:00:45,50.7,300,buy,2026-02-13_140045_507000_300,13/02/2026,VGC,2350.0,1017900,49987590000.0
2026-02-13 14:00:50,50.7,2000,buy,2026-02-13_140050_507000_2000,13/02/2026,VGC,2350.0,1020200,50104200000.0
2026-02-13 14:00:50,50.7,300,sell,2026-02-13_140050_507000_300,13/02/2026,VGC,2350.0,1018200,50002800000.0
2026-02-13 14:00:57,50.6,4400,sell,2026-02-13_140057_506000_4400,13/02/2026,VGC,2250.0,1025100,50352140000.0
2026-02-13 14:00:57,50.6,500,sell,2026-02-13_140057_506000_500,13/02/2026,VGC,2250.0,1020700,50129500000.0
2026-02-13 14:00:58,50.6,1500,sell,2026-02-13_140058_506000_1500,13/02/2026,VGC,2250.0,1026600,50428040000.0
2026-02-13 14:01:01,50.5,200,sell,2026-02-13_140101_505000_200,13/02/2026,VGC,2150.0,1026800,50438140000.0
2026-02-13 14:01:02,50.5,6700,sell,2026-02-13_140102_505000_6700,13/02/2026,VGC,2150.0,1033500,50776490000.0
2026-02-13 14:01:05,50.6,500,buy,2026-02-13_140105_506000_500,13/02/2026,VGC,2250.0,1034000,50801790000.0
2026-02-13 14:01:08,50.4,2100,sell,2026-02-13_140108_504000_2100,13/02/2026,VGC,2050.0,1036100,50907630000.0
2026-02-13 14:01:11,50.4,200,buy,2026-02-13_140111_504000_200,13/02/2026,VGC,2050.0,1036300,50917710000.0
2026-02-13 14:01:11,50.4,1900,buy,2026-02-13_140111_504000_1900,13/02/2026,VGC,2050.0,1038200,51013470000.0
2026-02-13 14:01:12,50.5,100,sell,2026-02-13_140112_505000_100,13/02/2026,VGC,2150.0,1038300,51018520000.0
2026-02-13 14:01:12,50.5,2000,sell,2026-02-13_140112_505000_2000,13/02/2026,VGC,2150.0,1040300,51119520000.0
2026-02-13 14:01:20,50.6,100,buy,2026-02-13_140120_506000_100,13/02/2026,VGC,2250.0,1040400,51124580000.0
2026-02-13 14:01:24,50.5,800,sell,2026-02-13_140124_505000_800,13/02/2026,VGC,2150.0,1041200,51164980000.0
2026-02-13 14:01:35,50.5,600,buy,2026-02-13_140135_505000_600,13/02/2026,VGC,2150.0,1041800,51195280000.0
2026-02-13 14:01:38,50.7,3900,buy,2026-02-13_140138_507000_3900,13/02/2026,VGC,2350.0,1050800,51650580000.0
2026-02-13 14:01:38,50.5,4900,buy,2026-02-13_140138_505000_4900,13/02/2026,VGC,2150.0,1046700,51442730000.0
2026-02-13 14:01:38,50.8,2000,buy,2026-02-13_140138_508000_2000,13/02/2026,VGC,2450.0,1052800,51752180000.0
2026-02-13 14:01:38,50.6,200,buy,2026-02-13_140138_506000_200,13/02/2026,VGC,2250.0,1046900,51452850000.0
2026-02-13 14:01:39,50.5,10000,sell,2026-02-13_140139_505000_10000,13/02/2026,VGC,2150.0,1062800,52257180000.0
2026-02-13 14:01:43,50.5,100,sell,2026-02-13_140143_505000_100,13/02/2026,VGC,2150.0,1062900,52262230000.0
2026-02-13 14:01:44,50.5,6400,sell,2026-02-13_140144_505000_6400,13/02/2026,VGC,2150.0,1069300,52585430000.0
2026-02-13 14:01:47,50.5,1100,sell,2026-02-13_140147_505000_1100,13/02/2026,VGC,2150.0,1070400,52640980000.0
2026-02-13 14:01:52,50.5,200,sell,2026-02-13_140152_505000_200,13/02/2026,VGC,2150.0,1070600,52651080000.0
2026-02-13 14:01:52,50.7,1800,buy,2026-02-13_140152_507000_1800,13/02/2026,VGC,2350.0,1072400,52742340000.0
2026-02-13 14:01:59,50.7,100,buy,2026-02-13_140159_507000_100,13/02/2026,VGC,2350.0,1072500,52747410000.0
2026-02-13 14:02:00,50.7,400,sell,2026-02-13_140200_507000_400,13/02/2026,VGC,2350.0,1072900,52767690000.0
2026-02-13 14:02:03,50.8,400,buy,2026-02-13_140203_508000_400,13/02/2026,VGC,2450.0,1073300,52788010000.0
2026-02-13 14:02:12,50.8,300,buy,2026-02-13_140212_508000_300,13/02/2026,VGC,2450.0,1073600,52803250000.0
2026-02-13 14:02:12,50.7,2000,sell,2026-02-13_140212_507000_2000,13/02/2026,VGC,2350.0,1075600,52904650000.0
2026-02-13 14:02:16,50.7,300,buy,2026-02-13_140216_507000_300,13/02/2026,VGC,2350.0,1075900,52919860000.0
2026-02-13 14:02:25,50.6,1900,sell,2026-02-13_140225_506000_1900,13/02/2026,VGC,2250.0,1077800,53016000000.0
2026-02-13 14:02:27,50.5,4500,sell,2026-02-13_140227_505000_4500,13/02/2026,VGC,2150.0,1082300,53243250000.0
2026-02-13 14:02:30,50.7,2000,buy,2026-02-13_140230_507000_2000,13/02/2026,VGC,2350.0,1084300,53344650000.0
2026-02-13 14:02:53,50.6,700,buy,2026-02-13_140253_506000_700,13/02/2026,VGC,2250.0,1085000,53380070000.0
2026-02-13 14:02:56,50.5,500,sell,2026-02-13_140256_505000_500,13/02/2026,VGC,2150.0,1085500,53405320000.0
2026-02-13 14:03:05,50.5,2500,sell,2026-02-13_140305_505000_2500,13/02/2026,VGC,2150.0,1088000,53531570000.0
2026-02-13 14:03:21,50.5,2100,sell,2026-02-13_140321_505000_2100,13/02/2026,VGC,2150.0,1090200,53642670000.0
2026-02-13 14:03:21,50.5,100,sell,2026-02-13_140321_505000_100,13/02/2026,VGC,2150.0,1088100,53536620000.0
2026-02-13 14:03:33,50.4,8200,sell,2026-02-13_140333_504000_8200,13/02/2026,VGC,2050.0,1098400,54055950000.0
2026-02-13 14:03:47,50.4,300,sell,2026-02-13_140347_504000_300,13/02/2026,VGC,2050.0,1098700,54071070000.0
2026-02-13 14:03:53,50.5,7900,buy,2026-02-13_140353_505000_7900,13/02/2026,VGC,2150.0,1106600,54470020000.0
2026-02-13 14:03:53,50.5,100,sell,2026-02-13_140353_505000_100,13/02/2026,VGC,2150.0,1106700,54475070000.0
2026-02-13 14:04:03,50.4,500,buy,2026-02-13_140403_504000_500,13/02/2026,VGC,2050.0,1107200,54500270000.0
2026-02-13 14:04:08,50.4,200,sell,2026-02-13_140408_504000_200,13/02/2026,VGC,2050.0,1107400,54510350000.0
2026-02-13 14:04:16,50.5,1400,buy,2026-02-13_140416_505000_1400,13/02/2026,VGC,2150.0,1109200,54601250000.0
2026-02-13 14:04:16,50.5,400,buy,2026-02-13_140416_505000_400,13/02/2026,VGC,2150.0,1107800,54530550000.0
2026-02-13 14:04:27,50.5,300,sell,2026-02-13_140427_505000_300,13/02/2026,VGC,2150.0,1109500,54616400000.0
2026-02-13 14:04:34,50.5,100,sell,2026-02-13_140434_505000_100,13/02/2026,VGC,2150.0,1109600,54621450000.0
2026-02-13 14:04:37,50.5,1000,sell,2026-02-13_140437_505000_1000,13/02/2026,VGC,2150.0,1110600,54671950000.0
2026-02-13 14:04:40,50.5,200,sell,2026-02-13_140440_505000_200,13/02/2026,VGC,2150.0,1110800,54682050000.0
2026-02-13 14:04:45,50.5,1000,sell,2026-02-13_140445_505000_1000,13/02/2026,VGC,2150.0,1111800,54732550000.0
2026-02-13 14:04:47,50.5,500,sell,2026-02-13_140447_505000_500,13/02/2026,VGC,2150.0,1112300,54757800000.0
2026-02-13 14:04:50,50.5,4100,sell,2026-02-13_140450_505000_4100,13/02/2026,VGC,2150.0,1116400,54964850000.0
2026-02-13 14:04:55,50.5,2000,buy,2026-02-13_140455_505000_2000,13/02/2026,VGC,2150.0,1118400,55065850000.0
2026-02-13 14:05:03,50.5,100,buy,2026-02-13_140503_505000_100,13/02/2026,VGC,2150.0,1118500,55070900000.0
2026-02-13 14:05:26,50.5,100,buy,2026-02-13_140526_505000_100,13/02/2026,VGC,2150.0,1118600,55075950000.0
2026-02-13 14:05:27,50.5,200,buy,2026-02-13_140527_505000_200,13/02/2026,VGC,2150.0,1118800,55086050000.0
2026-02-13 14:05:35,50.4,5000,sell,2026-02-13_140535_504000_5000,13/02/2026,VGC,2050.0,1123800,55338050000.0
2026-02-13 14:05:42,50.5,5000,buy,2026-02-13_140542_505000_5000,13/02/2026,VGC,2150.0,1128800,55590550000.0
2026-02-13 14:05:42,50.4,600,sell,2026-02-13_140542_504000_600,13/02/2026,VGC,2050.0,1129400,55620790000.0
2026-02-13 14:05:43,50.4,5000,sell,2026-02-13_140543_504000_5000,13/02/2026,VGC,2050.0,1134400,55872790000.0
2026-02-13 14:05:45,50.5,100,buy,2026-02-13_140545_505000_100,13/02/2026,VGC,2150.0,1137100,56009140000.0
2026-02-13 14:05:45,50.5,2600,buy,2026-02-13_140545_505000_2600,13/02/2026,VGC,2150.0,1137000,56004090000.0
2026-02-13 14:05:52,50.4,200,sell,2026-02-13_140552_504000_200,13/02/2026,VGC,2050.0,1141200,56215780000.0
2026-02-13 14:05:52,50.4,3900,sell,2026-02-13_140552_504000_3900,13/02/2026,VGC,2050.0,1141000,56205700000.0
2026-02-13 14:05:53,50.5,100,buy,2026-02-13_140553_505000_100,13/02/2026,VGC,2150.0,1141300,56220830000.0
2026-02-13 14:05:54,50.4,100,sell,2026-02-13_140554_504000_100,13/02/2026,VGC,2050.0,1141400,56225870000.0
2026-02-13 14:05:58,50.4,2000,sell,2026-02-13_140558_504000_2000,13/02/2026,VGC,2050.0,1143400,56326670000.0
2026-02-13 14:06:04,50.4,100,sell,2026-02-13_140604_504000_100,13/02/2026,VGC,2050.0,1143500,56331710000.0
2026-02-13 14:06:09,50.4,1200,sell,2026-02-13_140609_504000_1200,13/02/2026,VGC,2050.0,1144700,56392190000.0
2026-02-13 14:06:24,50.4,200,sell,2026-02-13_140624_504000_200,13/02/2026,VGC,2050.0,1144900,56402270000.0
2026-02-13 14:06:28,50.4,1100,sell,2026-02-13_140628_504000_1100,13/02/2026,VGC,2050.0,1146000,56457710000.0
2026-02-13 14:06:36,50.4,200,buy,2026-02-13_140636_504000_200,13/02/2026,VGC,2050.0,1146200,56467790000.0
2026-02-13 14:06:42,50.4,100,buy,2026-02-13_140642_504000_100,13/02/2026,VGC,2050.0,1146300,56472830000.0
2026-02-13 14:06:50,50.4,100,buy,2026-02-13_140650_504000_100,13/02/2026,VGC,2050.0,1146400,56477870000.0
2026-02-13 14:06:51,50.4,300,buy,2026-02-13_140651_504000_300,13/02/2026,VGC,2050.0,1146700,56492990000.0
2026-02-13 14:06:52,50.4,100,buy,2026-02-13_140652_504000_100,13/02/2026,VGC,2050.0,1146800,56498030000.0
2026-02-13 14:07:03,50.4,500,buy,2026-02-13_140703_504000_500,13/02/2026,VGC,2050.0,1147300,56523230000.0
2026-02-13 14:07:06,50.4,4400,buy,2026-02-13_140706_504000_4400,13/02/2026,VGC,2050.0,1151800,56750030000.0
2026-02-13 14:07:06,50.4,100,buy,2026-02-13_140706_504000_100,13/02/2026,VGC,2050.0,1147400,56528270000.0
2026-02-13 14:07:12,50.4,300,sell,2026-02-13_140712_504000_300,13/02/2026,VGC,2050.0,1152100,56765150000.0
2026-02-13 14:07:18,50.4,300,sell,2026-02-13_140718_504000_300,13/02/2026,VGC,2050.0,1152400,56780270000.0
2026-02-13 14:07:20,50.4,600,sell,2026-02-13_140720_504000_600,13/02/2026,VGC,2050.0,1153000,56810510000.0
2026-02-13 14:07:41,50.4,900,buy,2026-02-13_140741_504000_900,13/02/2026,VGC,2050.0,1153900,56855870000.0
2026-02-13 14:07:47,50.3,14000,sell,2026-02-13_140747_503000_14000,13/02/2026,VGC,1950.0,1167900,57560070000.0
2026-02-13 14:07:48,50.3,500,sell,2026-02-13_140748_503000_500,13/02/2026,VGC,1950.0,1168400,57585220000.0
2026-02-13 14:07:48,50.2,6700,sell,2026-02-13_140748_502000_6700,13/02/2026,VGC,1850.0,1175100,57921560000.0
2026-02-13 14:07:50,50.4,500,buy,2026-02-13_140750_504000_500,13/02/2026,VGC,2050.0,1175600,57946760000.0
2026-02-13 14:08:00,50.2,100,sell,2026-02-13_140800_502000_100,13/02/2026,VGC,1850.0,1175700,57951780000.0
2026-02-13 14:08:01,50.2,600,sell,2026-02-13_140801_502000_600,13/02/2026,VGC,1850.0,1176300,57981900000.0
2026-02-13 14:08:10,50.2,200,buy,2026-02-13_140810_502000_200,13/02/2026,VGC,1850.0,1176500,57991940000.0
2026-02-13 14:08:12,50.2,100,buy,2026-02-13_140812_502000_100,13/02/2026,VGC,1850.0,1176600,57996960000.0
2026-02-13 14:08:19,50.1,1900,sell,2026-02-13_140819_501000_1900,13/02/2026,VGC,1750.0,1178500,58092150000.0
2026-02-13 14:08:21,50.1,1100,sell,2026-02-13_140821_501000_1100,13/02/2026,VGC,1750.0,1179600,58147260000.0
2026-02-13 14:08:23,50.1,500,sell,2026-02-13_140823_501000_500,13/02/2026,VGC,1750.0,1180100,58172310000.0
2026-02-13 14:08:27,50.1,2000,sell,2026-02-13_140827_501000_2000,13/02/2026,VGC,1750.0,1182400,58287540000.0
2026-02-13 14:08:27,50.1,300,sell,2026-02-13_140827_501000_300,13/02/2026,VGC,1750.0,1180400,58187340000.0
2026-02-13 14:08:29,50.0,1200,sell,2026-02-13_140829_500000_1200,13/02/2026,VGC,1650.0,1183600,58347540000.0
2026-02-13 14:08:29,50.0,1300,sell,2026-02-13_140829_500000_1300,13/02/2026,VGC,1650.0,1184900,58412540000.0
2026-02-13 14:08:30,50.0,3700,sell,2026-02-13_140830_500000_3700,13/02/2026,VGC,1650.0,1188600,58597540000.0
2026-02-13 14:08:30,50.0,3500,sell,2026-02-13_140830_500000_3500,13/02/2026,VGC,1650.0,1192100,58772540000.0
2026-02-13 14:08:33,49.9,1000,sell,2026-02-13_140833_499000_1000,13/02/2026,VGC,1550.0,1193100,58822440000.0
2026-02-13 14:08:35,50.0,200,buy,2026-02-13_140835_500000_200,13/02/2026,VGC,1650.0,1193300,58832440000.0
2026-02-13 14:08:39,50.0,1000,buy,2026-02-13_140839_500000_1000,13/02/2026,VGC,1650.0,1194300,58882440000.0
2026-02-13 14:08:46,49.9,600,sell,2026-02-13_140846_499000_600,13/02/2026,VGC,1550.0,1194900,58912380000.0
2026-02-13 14:08:49,49.9,100,buy,2026-02-13_140849_499000_100,13/02/2026,VGC,1550.0,1195000,58917370000.0
2026-02-13 14:08:54,49.9,500,buy,2026-02-13_140854_499000_500,13/02/2026,VGC,1550.0,1195500,58942320000.0
2026-02-13 14:09:02,49.8,400,sell,2026-02-13_140902_498000_400,13/02/2026,VGC,1450.0,1195900,58962240000.0
2026-02-13 14:09:07,49.85,100,buy,2026-02-13_140907_498500_100,13/02/2026,VGC,1500.0,1196000,58967225000.0
2026-02-13 14:09:14,49.9,600,buy,2026-02-13_140914_499000_600,13/02/2026,VGC,1550.0,1199000,59116805000.0
2026-02-13 14:09:14,49.85,2400,buy,2026-02-13_140914_498500_2400,13/02/2026,VGC,1500.0,1198400,59086865000.0
2026-02-13 14:09:21,49.85,1000,sell,2026-02-13_140921_498500_1000,13/02/2026,VGC,1500.0,1200000,59166655000.0
2026-02-13 14:09:22,49.9,500,buy,2026-02-13_140922_499000_500,13/02/2026,VGC,1550.0,1200500,59191605000.0
2026-02-13 14:09:24,49.9,200,buy,2026-02-13_140924_499000_200,13/02/2026,VGC,1550.0,1200700,59201585000.0
2026-02-13 14:09:27,49.9,500,buy,2026-02-13_140927_499000_500,13/02/2026,VGC,1550.0,1201200,59226535000.0
2026-02-13 14:09:28,50.0,300,buy,2026-02-13_140928_500000_300,13/02/2026,VGC,1650.0,1201500,59241535000.0
2026-02-13 14:09:55,50.0,400,buy,2026-02-13_140955_500000_400,13/02/2026,VGC,1650.0,1201900,59261535000.0
2026-02-13 14:09:59,49.9,500,sell,2026-02-13_140959_499000_500,13/02/2026,VGC,1550.0,1204900,59411410000.0
2026-02-13 14:09:59,49.95,1500,sell,2026-02-13_140959_499500_1500,13/02/2026,VGC,1600.0,1204400,59386460000.0
2026-02-13 14:09:59,50.0,1000,buy,2026-02-13_140959_500000_1000,13/02/2026,VGC,1650.0,1202900,59311535000.0
2026-02-13 14:10:01,49.9,200,buy,2026-02-13_141001_499000_200,13/02/2026,VGC,1550.0,1205100,59421390000.0
2026-02-13 14:10:06,49.9,300,buy,2026-02-13_141006_499000_300,13/02/2026,VGC,1550.0,1205400,59436360000.0
2026-02-13 14:10:29,49.9,500,buy,2026-02-13_141029_499000_500,13/02/2026,VGC,1550.0,1205900,59461310000.0
2026-02-13 14:10:32,49.9,200,buy,2026-02-13_141032_499000_200,13/02/2026,VGC,1550.0,1206100,59471290000.0
2026-02-13 14:10:47,49.9,400,buy,2026-02-13_141047_499000_400,13/02/2026,VGC,1550.0,1206500,59491250000.0
2026-02-13 14:10:49,49.85,100,sell,2026-02-13_141049_498500_100,13/02/2026,VGC,1500.0,1206600,59496235000.0
2026-02-13 14:10:55,49.85,200,sell,2026-02-13_141055_498500_200,13/02/2026,VGC,1500.0,1206800,59506205000.0
2026-02-13 14:10:58,49.85,700,sell,2026-02-13_141058_498500_700,13/02/2026,VGC,1500.0,1207500,59541100000.0
2026-02-13 14:10:59,49.85,300,buy,2026-02-13_141059_498500_300,13/02/2026,VGC,1500.0,1207800,59556055000.0
2026-02-13 14:11:00,49.85,200,sell,2026-02-13_141100_498500_200,13/02/2026,VGC,1500.0,1208000,59566025000.0
2026-02-13 14:11:12,49.8,5000,sell,2026-02-13_141112_498000_5000,13/02/2026,VGC,1450.0,1213000,59815025000.0
2026-02-13 14:11:13,49.85,200,buy,2026-02-13_141113_498500_200,13/02/2026,VGC,1500.0,1213200,59824995000.0
2026-02-13 14:11:18,49.85,200,buy,2026-02-13_141118_498500_200,13/02/2026,VGC,1500.0,1213400,59834965000.0
2026-02-13 14:11:19,49.85,800,buy,2026-02-13_141119_498500_800,13/02/2026,VGC,1500.0,1214200,59874845000.0
2026-02-13 14:11:25,49.85,200,buy,2026-02-13_141125_498500_200,13/02/2026,VGC,1500.0,1214400,59884815000.0
2026-02-13 14:11:31,49.85,200,buy,2026-02-13_141131_498500_200,13/02/2026,VGC,1500.0,1214600,59894785000.0
2026-02-13 14:11:39,49.8,400,sell,2026-02-13_141139_498000_400,13/02/2026,VGC,1450.0,1215000,59914705000.0
2026-02-13 14:11:47,49.8,100,buy,2026-02-13_141147_498000_100,13/02/2026,VGC,1450.0,1215100,59919685000.0
2026-02-13 14:12:08,49.8,1000,sell,2026-02-13_141208_498000_1000,13/02/2026,VGC,1450.0,1216100,59969485000.0
2026-02-13 14:12:11,49.8,100,sell,2026-02-13_141211_498000_100,13/02/2026,VGC,1450.0,1216200,59974465000.0
2026-02-13 14:12:42,49.8,1000,sell,2026-02-13_141242_498000_1000,13/02/2026,VGC,1450.0,1219100,60118885000.0
2026-02-13 14:12:42,49.8,1900,sell,2026-02-13_141242_498000_1900,13/02/2026,VGC,1450.0,1218100,60069085000.0
2026-02-13 14:12:54,49.85,2000,buy,2026-02-13_141254_498500_2000,13/02/2026,VGC,1500.0,1221100,60218585000.0
2026-02-13 14:13:00,49.85,100,buy,2026-02-13_141300_498500_100,13/02/2026,VGC,1500.0,1221200,60223570000.0
2026-02-13 14:13:02,49.8,100,sell,2026-02-13_141302_498000_100,13/02/2026,VGC,1450.0,1221300,60228550000.0
2026-02-13 14:13:04,49.85,100,buy,2026-02-13_141304_498500_100,13/02/2026,VGC,1500.0,1221400,60233535000.0
2026-02-13 14:13:11,49.85,200,sell,2026-02-13_141311_498500_200,13/02/2026,VGC,1500.0,1221600,60243505000.0
2026-02-13 14:13:19,49.9,1000,buy,2026-02-13_141319_499000_1000,13/02/2026,VGC,1550.0,1222600,60293405000.0
2026-02-13 14:13:29,49.9,100,sell,2026-02-13_141329_499000_100,13/02/2026,VGC,1550.0,1222700,60298395000.0
2026-02-13 14:13:30,50.0,1400,buy,2026-02-13_141330_500000_1400,13/02/2026,VGC,1650.0,1224100,60368395000.0
2026-02-13 14:13:31,49.9,1300,sell,2026-02-13_141331_499000_1300,13/02/2026,VGC,1550.0,1225400,60433265000.0
2026-02-13 14:13:31,49.9,700,sell,2026-02-13_141331_499000_700,13/02/2026,VGC,1550.0,1226100,60468195000.0
2026-02-13 14:14:04,50.0,1500,buy,2026-02-13_141404_500000_1500,13/02/2026,VGC,1650.0,1227600,60543195000.0
2026-02-13 14:14:07,50.0,1000,sell,2026-02-13_141407_500000_1000,13/02/2026,VGC,1650.0,1229600,60643195000.0
2026-02-13 14:14:07,49.9,5400,sell,2026-02-13_141407_499000_5400,13/02/2026,VGC,1550.0,1235000,60912655000.0
2026-02-13 14:14:11,50.0,2000,buy,2026-02-13_141411_500000_2000,13/02/2026,VGC,1650.0,1237000,61012655000.0
2026-02-13 14:14:21,49.9,100,sell,2026-02-13_141421_499000_100,13/02/2026,VGC,1550.0,1237100,61017645000.0
2026-02-13 14:14:22,50.0,100,buy,2026-02-13_141422_500000_100,13/02/2026,VGC,1650.0,1237200,61022645000.0
2026-02-13 14:14:25,49.9,200,sell,2026-02-13_141425_499000_200,13/02/2026,VGC,1550.0,1237400,61032625000.0
2026-02-13 14:14:30,50.0,200,buy,2026-02-13_141430_500000_200,13/02/2026,VGC,1650.0,1237600,61042625000.0
2026-02-13 14:14:36,49.9,100,sell,2026-02-13_141436_499000_100,13/02/2026,VGC,1550.0,1237700,61047615000.0
2026-02-13 14:14:48,49.95,500,sell,2026-02-13_141448_499500_500,13/02/2026,VGC,1600.0,1238200,61072590000.0
2026-02-13 14:14:50,49.9,2600,sell,2026-02-13_141450_499000_2600,13/02/2026,VGC,1550.0,1240800,61202330000.0
2026-02-13 14:14:54,49.9,1100,sell,2026-02-13_141454_499000_1100,13/02/2026,VGC,1550.0,1241900,61257220000.0
2026-02-13 14:14:56,49.9,3000,sell,2026-02-13_141456_499000_3000,13/02/2026,VGC,1550.0,1244900,61406920000.0
2026-02-13 14:15:15,49.9,500,sell,2026-02-13_141515_499000_500,13/02/2026,VGC,1550.0,1245400,61431870000.0
2026-02-13 14:15:18,49.95,1000,buy,2026-02-13_141518_499500_1000,13/02/2026,VGC,1600.0,1246400,61481820000.0
2026-02-13 14:15:19,49.95,500,buy,2026-02-13_141519_499500_500,13/02/2026,VGC,1600.0,1246900,61506795000.0
2026-02-13 14:15:25,50.0,2400,buy,2026-02-13_141525_500000_2400,13/02/2026,VGC,1650.0,1249300,61626795000.0
2026-02-13 14:15:36,50.0,100,sell,2026-02-13_141536_500000_100,13/02/2026,VGC,1650.0,1249400,61631795000.0
2026-02-13 14:15:37,50.0,500,buy,2026-02-13_141537_500000_500,13/02/2026,VGC,1650.0,1249900,61656795000.0
2026-02-13 14:15:37,50.0,900,sell,2026-02-13_141537_500000_900,13/02/2026,VGC,1650.0,1250800,61701795000.0
2026-02-13 14:15:42,50.0,200,buy,2026-02-13_141542_500000_200,13/02/2026,VGC,1650.0,1251100,61716790000.0
2026-02-13 14:15:42,49.95,100,sell,2026-02-13_141542_499500_100,13/02/2026,VGC,1600.0,1250900,61706790000.0
2026-02-13 14:15:49,50.0,100,buy,2026-02-13_141549_500000_100,13/02/2026,VGC,1650.0,1251200,61721790000.0
2026-02-13 14:15:53,50.0,6700,buy,2026-02-13_141553_500000_6700,13/02/2026,VGC,1650.0,1257900,62056790000.0
2026-02-13 14:16:02,50.0,1300,sell,2026-02-13_141602_500000_1300,13/02/2026,VGC,1650.0,1259200,62121790000.0
2026-02-13 14:16:05,50.0,600,buy,2026-02-13_141605_500000_600,13/02/2026,VGC,1650.0,1259800,62151790000.0
2026-02-13 14:16:06,49.95,4000,sell,2026-02-13_141606_499500_4000,13/02/2026,VGC,1600.0,1263800,62351590000.0
2026-02-13 14:16:10,50.0,100,buy,2026-02-13_141610_500000_100,13/02/2026,VGC,1650.0,1263900,62356590000.0
2026-02-13 14:16:27,50.0,1100,buy,2026-02-13_141627_500000_1100,13/02/2026,VGC,1650.0,1265000,62411590000.0
2026-02-13 14:16:49,50.0,100,sell,2026-02-13_141649_500000_100,13/02/2026,VGC,1650.0,1265100,62416590000.0
2026-02-13 14:16:56,50.1,800,buy,2026-02-13_141656_501000_800,13/02/2026,VGC,1750.0,1265900,62456670000.0
2026-02-13 14:17:00,50.1,500,sell,2026-02-13_141700_501000_500,13/02/2026,VGC,1750.0,1266400,62481720000.0
2026-02-13 14:17:07,50.1,500,buy,2026-02-13_141707_501000_500,13/02/2026,VGC,1750.0,1274400,62881770000.0
2026-02-13 14:17:07,50.0,7500,sell,2026-02-13_141707_500000_7500,13/02/2026,VGC,1650.0,1273900,62856720000.0
2026-02-13 14:17:15,50.0,200,sell,2026-02-13_141715_500000_200,13/02/2026,VGC,1650.0,1274600,62891770000.0
2026-02-13 14:17:16,49.95,1200,sell,2026-02-13_141716_499500_1200,13/02/2026,VGC,1600.0,1275800,62951710000.0
2026-02-13 14:17:18,50.0,200,buy,2026-02-13_141718_500000_200,13/02/2026,VGC,1650.0,1276000,62961710000.0
2026-02-13 14:17:32,50.0,500,buy,2026-02-13_141732_500000_500,13/02/2026,VGC,1650.0,1276500,62986710000.0
2026-02-13 14:17:40,50.0,9100,buy,2026-02-13_141740_500000_9100,13/02/2026,VGC,1650.0,1285600,63441710000.0
2026-02-13 14:17:56,50.0,100,sell,2026-02-13_141756_500000_100,13/02/2026,VGC,1650.0,1285700,63446710000.0
2026-02-13 14:18:01,50.1,100,buy,2026-02-13_141801_501000_100,13/02/2026,VGC,1750.0,1285800,63451720000.0
2026-02-13 14:18:02,50.0,1000,sell,2026-02-13_141802_500000_1000,13/02/2026,VGC,1650.0,1286800,63501720000.0
2026-02-13 14:18:07,50.1,900,buy,2026-02-13_141807_501000_900,13/02/2026,VGC,1750.0,1287700,63546810000.0
2026-02-13 14:18:21,50.2,2500,buy,2026-02-13_141821_502000_2500,13/02/2026,VGC,1850.0,1290200,63672310000.0
2026-02-13 14:18:29,50.2,200,sell,2026-02-13_141829_502000_200,13/02/2026,VGC,1850.0,1290400,63682350000.0
2026-02-13 14:18:41,50.2,1500,sell,2026-02-13_141841_502000_1500,13/02/2026,VGC,1850.0,1291900,63757650000.0
2026-02-13 14:19:03,50.2,100,sell,2026-02-13_141903_502000_100,13/02/2026,VGC,1850.0,1292000,63762670000.0
2026-02-13 14:19:06,50.2,100,sell,2026-02-13_141906_502000_100,13/02/2026,VGC,1850.0,1292100,63767690000.0
2026-02-13 14:19:16,50.2,1000,sell,2026-02-13_141916_502000_1000,13/02/2026,VGC,1850.0,1293100,63817890000.0
2026-02-13 14:19:38,50.1,200,sell,2026-02-13_141938_501000_200,13/02/2026,VGC,1750.0,1293300,63827910000.0
2026-02-13 14:19:40,50.2,2000,buy,2026-02-13_141940_502000_2000,13/02/2026,VGC,1850.0,1295300,63928310000.0
2026-02-13 14:19:50,50.2,100,sell,2026-02-13_141950_502000_100,13/02/2026,VGC,1850.0,1295400,63933330000.0
2026-02-13 14:19:51,50.2,300,sell,2026-02-13_141951_502000_300,13/02/2026,VGC,1850.0,1295700,63948390000.0
2026-02-13 14:19:57,50.2,500,sell,2026-02-13_141957_502000_500,13/02/2026,VGC,1850.0,1296200,63973490000.0
2026-02-13 14:20:00,50.2,2000,sell,2026-02-13_142000_502000_2000,13/02/2026,VGC,1850.0,1298200,64073890000.0
2026-02-13 14:20:01,50.2,500,sell,2026-02-13_142001_502000_500,13/02/2026,VGC,1850.0,1298700,64098990000.0
2026-02-13 14:20:02,50.2,1100,sell,2026-02-13_142002_502000_1100,13/02/2026,VGC,1850.0,1299800,64154210000.0
2026-02-13 14:20:09,50.1,100,sell,2026-02-13_142009_501000_100,13/02/2026,VGC,1750.0,1299900,64159220000.0
2026-02-13 14:20:10,50.1,4400,sell,2026-02-13_142010_501000_4400,13/02/2026,VGC,1750.0,1304300,64379660000.0
2026-02-13 14:20:24,50.1,300,sell,2026-02-13_142024_501000_300,13/02/2026,VGC,1750.0,1304600,64394690000.0
2026-02-13 14:20:27,50.1,2000,sell,2026-02-13_142027_501000_2000,13/02/2026,VGC,1750.0,1306600,64494890000.0
2026-02-13 14:20:47,50.1,300,sell,2026-02-13_142047_501000_300,13/02/2026,VGC,1750.0,1306900,64509920000.0
2026-02-13 14:20:50,50.1,100,sell,2026-02-13_142050_501000_100,13/02/2026,VGC,1750.0,1307000,64514930000.0
2026-02-13 14:21:10,50.1,200,sell,2026-02-13_142110_501000_200,13/02/2026,VGC,1750.0,1307200,64524950000.0
2026-02-13 14:21:16,50.1,500,sell,2026-02-13_142116_501000_500,13/02/2026,VGC,1750.0,1307800,64555010000.0
2026-02-13 14:21:16,50.1,100,sell,2026-02-13_142116_501000_100,13/02/2026,VGC,1750.0,1307300,64529960000.0
2026-02-13 14:21:33,50.1,200,sell,2026-02-13_142133_501000_200,13/02/2026,VGC,1750.0,1308000,64565030000.0
2026-02-13 14:21:56,50.1,200,sell,2026-02-13_142156_501000_200,13/02/2026,VGC,1750.0,1308200,64575050000.0
2026-02-13 14:21:58,50.1,1100,sell,2026-02-13_142158_501000_1100,13/02/2026,VGC,1750.0,1309300,64630160000.0
